For Year,Ticker Symbol,Period Ending,Cash and Cash Equivalents,Depreciation,Gross Profit,Operating Margin,Profit Margin,Quick Ratio,Retained Earnings,Short-Term Debt / Current Portion of Long-Term Debt,Short-Term Investments,Total Current Assets,Total Current Liabilities,Total Revenue,Treasury Stock
2012,AAL,12/31/2012,1330000000,1001000000,14356000000,1,8,72,-9462000000,1419000000,3412000000,7072000000,9011000000,24855000000,-367000000
2013,AAL,12/31/2013,2175000000,1020000000,15724000000,5,7,96,-11296000000,1446000000,8111000000,14323000000,13806000000,26743000000,0
2014,AAL,12/31/2014,1768000000,1342000000,27030000000,10,7,80,-8562000000,1677000000,6309000000,11750000000,13404000000,42650000000,0
2015,AAL,12/31/2015,1085000000,1487000000,29894000000,15,19,67,-1230000000,2231000000,5864000000,9985000000,13605000000,40990000000,0
2012,AAP,12/29/2012,598111000,189544000,3098036000,11,6,34,714900000,627000,0,3184200000,2559638000,6205003000,-27095000
2013,AAP,12/28/2013,1112471000,207795000,3252146000,10,6,52,1089112000,916000,0,3989384000,2764785000,6493814000,-107890000
2014,AAP,1/3/2015,104671000,284693000,4453613000,9,5,22,1565341000,582000,0,4741040000,3654416000,9843861000,-113044000
2015,AAP,1/2/2016,90782000,269476000,4422772000,8,5,20,2021077000,598000,0,4940746000,3797477000,9737018000,-119709000
2013,AAPL,9/28/2013,14259000000,6757000000,64304000000,29,22,164,1.04E+11,0,26287000000,73286000000,43658000000,1.71E+11,0
2014,AAPL,9/27/2014,13844000000,7946000000,70537000000,29,22,105,87152000000,6308000000,11233000000,68531000000,63448000000,1.83E+11,0
2015,AAPL,9/26/2015,21120000000,11257000000,93626000000,30,23,108,92284000000,10999000000,20481000000,89378000000,80610000000,2.34E+11,0
2016,AAPL,9/24/2016,20484000000,10505000000,84263000000,28,21,133,96364000000,11605000000,46671000000,1.07E+11,79006000000,2.16E+11,0
,ABBV,12/31/2012,5901000000,1150000000,13872000000,32,29,210,0,1042000000,2075000000,15354000000,6776000000,18380000000,0
2013,ABBV,12/31/2013,9595000000,897000000,14209000000,30,22,243,1567000000,431000000,300000000,17848000000,6879000000,18790000000,-320000000
2014,ABBV,12/31/2014,8348000000,786000000,15534000000,17,9,131,535000000,4439000000,26000000,16081000000,11393000000,19960000000,-972000000
2015,ABBV,12/31/2015,8399000000,836000000,18359000000,33,23,134,2248000000,2431000000,8000000,16314000000,10894000000,22859000000,-8839000000
2013,ABC,9/30/2013,1231006000,170793000,2507819000,1,0,50,1508414000,0,0,14393651000,14870635000,87959167000,-1516856000
2014,ABC,9/30/2014,1808513000,196617000,2982366000,1,0,48,1570429000,0,0,16800205000,17250160000,1.20E+11,-2313380000
2015,ABC,9/30/2015,2167442000,255988000,3529313000,0,0,49,1164489000,0,0,20334488000,21578227000,1.36E+11,-4150997000
2016,ABC,9/30/2016,2741832000,392166000,4272606000,1,1,48,2303941000,611149000,0,22851847000,25281308000,1.47E+11,-4396008000
2012,ABT,12/31/2012,10802000000,2782000000,10151000000,7,31,207,24151000000,2391000000,4372000000,31323000000,13280000000,19050000000,-5591000000
2013,ABT,12/31/2013,3475000000,1719000000,10464000000,11,13,174,21979000000,3173000000,4623000000,19247000000,9507000000,19657000000,-6844000000
2014,ABT,12/31/2014,4063000000,1548000000,11029000000,13,11,104,22874000000,4437000000,397000000,13556000000,10467000000,20247000000,-8678000000
2015,ABT,12/31/2015,5001000000,1472000000,11658000000,14,22,126,25757000000,3130000000,1124000000,14155000000,9186000000,20405000000,-10622000000
2013,ADBE,11/29/2013,834556000,321227000,3468683000,10,7,265,6928964000,14676000,2339196000,4045929000,1525648000,4055240000,-3643190000
2014,ADBE,11/28/2014,1117400000,313590000,3524985000,10,6,185,6924294000,603229000,2622091000,4602328000,2494435000,4147065000,-3918851000
2015,ADBE,11/27/2015,876560000,339473000,4051194000,19,13,218,7253431000,0,3111524000,4821892000,2213556000,4795511000,-4267715000
,ADBE,12/2/2016,1011315000,331535000,5034522000,26,20,208,8114517000,0,3749985000,5839774000,2811635000,5854430000,-5132472000
2013,ADI,11/2/2013,392089000,110416000,1692411000,29,26,910,4056401000,0,4290823000,5472425000,570512000,2633689000,0
2014,ADI,11/1/2014,569233000,141970000,1830188000,26,22,486,4231496000,0,2297235000,3811886000,709056000,2864773000,0
2015,ADI,10/31/2015,884353000,222240000,2259262000,24,20,329,4437315000,374594000,2144575000,4079548000,1113585000,3435092000,0
2016,ADI,10/29/2016,921132000,209790000,2227173000,30,25,587,4785799000,0,3134661000,4974863000,782934000,3421409000,0
,ADM,12/31/2012,5352000000,869000000,3623000000,2,2,94,13236000000,7685000000,576000000,29762000000,16993000000,90559000000,0
2013,ADM,12/31/2013,7082000000,909000000,3889000000,2,1,109,14077000000,1523000000,433000000,28530000000,15658000000,89804000000,0
2014,ADM,12/31/2014,5976000000,894000000,4768000000,3,3,107,15701000000,132000000,515000000,26028000000,15602000000,81201000000,0
2015,ADM,12/31/2015,6124000000,882000000,4020000000,3,3,101,16865000000,98000000,438000000,21829000000,13505000000,67702000000,0
2012,ADS,12/31/2012,1386042000,274263000,1249299000,27,12,181,1553260000,2277323000,0,9132143000,5032777000,3641390000,-2458092000
2013,ADS,12/31/2013,1480171000,307288000,1424146000,25,11,230,2049430000,1389489000,0,10400842000,4512498000,4319063000,-2689177000
2014,ADS,12/31/2014,1597492000,349810000,1658961000,21,10,219,2540948000,1266914000,0,13814776000,6305483000,5302940000,-2975795000
2015,ADS,12/31/2015,1624601000,524467000,1957046000,20,9,254,3092464000,1419649000,0,16250417000,6405559000,6439746000,-3927345000
2013,ADSK,1/31/2013,1612200000,127800000,2073700000,13,11,245,599100000,0,342100000,2552400000,1043700000,2312200000,0
2014,ADSK,1/31/2014,1853000000,128900000,1999600000,13,10,265,624800000,0,414100000,2835000000,1071500000,2273900000,0
2015,ADSK,1/31/2015,1410600000,145900000,2170100000,5,3,191,499400000,0,615800000,2671300000,1400100000,2512200000,0
2016,ADSK,1/31/2016,1353000000,145800000,2133400000,0,13,188,-80800000,0,897900000,2993100000,1591000000,2504100000,0
2012,AEE,12/31/2012,184000000,736000000,2304000000,21,17,113,1006000000,447000000,0,3596000000,2686000000,5781000000,0
2013,AEE,12/31/2013,30000000,761000000,2348000000,20,5,59,907000000,902000000,0,1972000000,2461000000,5838000000,0
2014,AEE,12/31/2014,5000000,813000000,2467000000,21,10,52,1103000000,834000000,0,1694000000,2249000000,6053000000,0
2015,AEE,12/31/2015,292000000,896000000,2597000000,21,10,66,1331000000,696000000,0,1917000000,2093000000,6098000000,0
2012,AEP,12/31/2012,355000000,1918000000,8550000000,18,8,45,6236000000,3307000000,324000000,4589000000,6823000000,14945000000,0
2013,AEP,12/31/2013,188000000,1843100000,8091200000,19,10,47,6766000000,2396000000,353000000,4310000000,6112000000,14813500000,0
2014,AEP,12/31/2014,257700000,2041800000,8692900000,19,10,40,7406600000,3938000000,385600000,4478100000,7966600000,16378600000,0
,AEP,12/31/2015,283700000,2154700000,9019700000,20,12,38,8398300000,2718900000,386800000,4072400000,7108500000,16453200000,0
2012,AFL,12/31/2012,2041000000,0,8290000000,17,11,,17387000000,0,0,0,0,25364000000,-5696000000
2013,AFL,12/31/2013,2543000000,0,8598000000,20,13,,19885000000,0,0,0,0,23939000000,-6413000000
2014,AFL,12/31/2014,4658000000,0,8355000000,20,13,,22156000000,0,0,0,0,22728000000,-7566000000
2015,AFL,12/31/2015,4350000000,0,7823000000,19,12,,24007000000,0,0,0,0,20872000000,-8819000000
2012,AIG,12/31/2012,1151000000,7349000000,33469000000,4,5,,14176000000,0,28808000000,0,0,71214000000,-13924000000
2013,AIG,12/31/2013,2241000000,4713000000,34214000000,14,13,,22965000000,0,21617000000,0,0,68874000000,-14520000000
2014,AIG,12/31/2014,1758000000,4448000000,30795000000,16,12,,29775000000,0,11243000000,0,0,64406000000,-19218000000
2015,AIG,12/31/2015,1629000000,4629000000,21746000000,6,4,,30943000000,0,10132000000,0,0,58327000000,-30098000000
2012,AIV,12/31/2012,229998000,330217000,572156000,19,14,,-2863287000,4413083000,0,0,0,958511000,0
2013,AIV,12/31/2013,182788000,296825000,594002000,26,21,,-2798853000,4388185000,0,0,0,974053000,0
2014,AIV,12/31/2014,120416000,286422000,603399000,27,31,,-2649542000,4135139000,0,0,0,984363000,0
2015,AIV,12/31/2015,137745000,311487000,616062000,26,25,,-2596917000,3873160000,0,0,0,981310000,0
2013,AIZ,12/31/2013,1717184000,124851000,2337721000,9,5,,4415875000,95206000,470458000,0,0,9047657000,-3098241000
2014,AIZ,12/31/2014,1318656000,133723000,2288090000,7,5,,4809287000,95986000,345246000,0,0,10381653000,-3316511000
2015,AIZ,12/31/2015,1288305000,124117000,1658870000,2,1,,4856674000,0,508950000,0,0,10325494000,-3601162000
,AIZ,12/31/2016,1031971000,-269370000,2280552000,11,8,,5296678000,0,227740000,0,0,7531780000,-4470551000
2013,AJG,12/31/2013,1325500000,197600000,3179600000,9,8,,596400000,630500000,0,0,0,3179600000,0
2014,AJG,12/31/2014,1682000000,281800000,4626500000,6,7,,676000000,140000000,0,0,0,4626500000,0
2015,AJG,12/31/2015,1892500000,356900000,5392400000,5,7,,774500000,245000000,0,0,0,5392400000,0
,AJG,12/31/2016,1937600000,379300000,5594800000,6,7,,916400000,578000000,0,0,0,5594800000,0
2012,AKAM,12/31/2012,201989000,204163000,844047000,23,15,359,-2225702000,0,235592000,728384000,202944000,1373947000,-624462000
2013,AKAM,12/31/2013,333891000,184431000,1066835000,26,19,391,-1932215000,0,340005000,1029714000,263166000,1577922000,0
2014,AKAM,12/31/2014,238650000,262869000,1352931000,25,17,378,-1598267000,0,519642000,1262555000,334011000,1963874000,0
2015,AKAM,12/31/2015,289473000,318088000,1471828000,21,15,377,-1276861000,0,460088000,1253188000,332440000,2197448000,0
2012,ALB,12/31/2012,477696000,99020000,898843000,16,12,254,1744684000,12700000,0,1407313000,385009000,2519154000,0
2013,ALB,12/31/2013,477239000,107370000,850471000,24,17,240,1500358000,24554000,0,1482915000,436363000,2394270000,0
2014,ALB,12/31/2014,2489768000,103572000,770848000,11,5,262,1410651000,711096000,0,3348850000,1139886000,2445548000,0
2015,ALB,12/31/2015,213734000,260076000,1196872000,12,9,82,1615407000,677345000,0,1831003000,1616685000,3651335000,0
2012,ALK,12/31/2012,174000000,264000000,2338000000,11,7,112,1127000000,161000000,1130000000,1737000000,1501000000,4657000000,0
2013,ALK,12/31/2013,80000000,270000000,2801000000,16,10,108,1607000000,117000000,1250000000,1762000000,1580000000,5156000000,-2000000
2014,ALK,12/31/2014,107000000,294000000,3043000000,18,11,95,2144000000,117000000,1110000000,1639000000,1671000000,5368000000,-4000000
2015,ALK,12/31/2015,73000000,320000000,3663000000,23,15,89,2890000000,115000000,1255000000,1663000000,1806000000,5598000000,-250000000
2012,ALL,12/31/2012,806000000,388000000,11697000000,10,7,,33783000000,0,2336000000,0,0,33315000000,-17508000000
2013,ALL,12/31/2013,675000000,368000000,14679000000,12,7,,35580000000,0,2393000000,0,0,34507000000,-19047000000
2014,ALL,12/31/2014,657000000,366000000,14046000000,12,8,,37842000000,0,2540000000,0,0,35239000000,-21030000000
2015,ALL,12/31/2015,495000000,371000000,12816000000,9,6,,39413000000,0,2122000000,0,0,35653000000,-23620000000
,ALLE,12/31/2013,267600000,46100000,861500000,12,2,155,1100000,71900000,0,946800000,490500000,2069600000,0
2014,ALLE,12/31/2014,290500000,48800000,853700000,15,8,156,142400000,49600000,0,1001700000,532500000,2118300000,0
2015,ALLE,12/31/2015,199700000,53200000,869100000,17,7,119,232400000,65600000,0,735100000,447100000,2068100000,0
,ALLE,12/31/2016,312400000,66900000,985300000,19,10,142,376600000,48200000,0,829300000,429600000,2238000000,0
2013,ALXN,12/31/2013,529857000,31928000,1373790000,34,16,358,379098000,48000000,984994000,2186857000,582429000,1551346000,-80365000
2014,ALXN,12/31/2014,943999000,47000000,2060000000,39,29,432,1036010000,48000000,1017567000,2796029000,606740000,2234000000,-382964000
2015,ALXN,12/31/2015,1010000000,167000000,2371000000,21,6,300,1181000000,166000000,375000000,2416000000,709000000,2604000000,-711000000
,ALXN,12/31/2016,966000000,396000000,2826000000,22,13,268,1818000000,167000000,327000000,2578000000,823000000,3084000000,-1141000000
2013,AMAT,10/27/2013,1711000000,410000000,2991000000,6,3,173,12487000000,0,180000000,5642000000,2443000000,7509000000,-11524000000
2014,AMAT,10/26/2014,3002000000,375000000,3843000000,17,12,191,13072000000,0,160000000,6967000000,2823000000,9072000000,-11524000000
2015,AMAT,10/25/2015,4797000000,371000000,3952000000,18,14,196,13967000000,1200000000,168000000,9261000000,3798000000,9659000000,-12848000000
2016,AMAT,10/30/2016,3406000000,389000000,4511000000,20,16,174,15252000000,200000000,343000000,8353000000,3632000000,10825000000,-14740000000
2012,AME,12/31/2012,157984000,105471000,1180081000,22,14,84,2507419000,320654000,0,1164743000,879969000,3334213000,-211374000
2013,AME,12/31/2013,295203000,118657000,1270494000,23,14,105,2966015000,273315000,0,1369129000,874545000,3594136000,-215936000
2014,AME,12/31/2014,377615000,138584000,1424947000,22,15,116,3469923000,286201000,0,1578604000,936144000,4021964000,-457807000
2015,AME,12/31/2015,381005000,149460000,1425015000,23,15,108,3974793000,386075000,0,1619613000,1025172000,3974295000,-885430000
2012,AMG,12/31/2012,430400000,214100000,1748600000,20,10,,1350700000,0,0,0,0,1748600000,-214600000
2013,AMG,12/31/2013,469600000,151800000,2069800000,25,17,,1711200000,0,0,0,0,2069800000,-131400000
2014,AMG,12/31/2014,550600000,146700000,2404200000,29,19,,2163300000,0,0,0,0,2404200000,-240900000
2015,AMG,12/31/2015,563800000,142300000,2435900000,32,21,,2679300000,0,0,0,0,2435900000,-421900000
2013,AMGN,12/31/2013,3805000000,1286000000,15330000000,31,27,306,-7634000000,2505000000,15596000000,27367000000,7947000000,18676000000,0
2014,AMGN,12/31/2014,3731000000,2092000000,15641000000,31,26,458,-4624000000,500000000,23295000000,34713000000,7008000000,20063000000,0
2015,AMGN,12/31/2015,4144000000,2108000000,17435000000,39,32,416,-2086000000,2247000000,27238000000,38515000000,8664000000,21662000000,0
,AMGN,12/31/2016,3241000000,2105000000,18829000000,43,34,386,-438000000,4403000000,34844000000,46010000000,11204000000,22991000000,0
2012,AMP,12/31/2012,4909000000,225000000,8360000000,15,10,,6381000000,501000000,0,0,0,10259000000,-5325000000
2013,AMP,12/31/2013,5411000000,239000000,9276000000,20,12,,7289000000,500000000,0,0,0,11230000000,-6961000000
2014,AMP,12/31/2014,5642000000,254000000,10314000000,24,13,,8469000000,200000000,0,0,0,12296000000,-8589000000
2015,AMP,12/31/2015,5808000000,248000000,9939000000,21,13,,9551000000,200000000,0,0,0,12200000000,-10338000000
2012,AMT,12/31/2012,437934000,655366000,2153481000,39,22,132,-1196907000,60031000,6018000,836267000,632178000,2875960000,-62728000
2013,AMT,12/31/2013,446492000,807741000,2501534000,36,16,106,-1081467000,70132000,18612000,986087000,932663000,3361407000,-207740000
2014,AMT,12/31/2014,473698000,998932000,3005783000,36,20,50,-837320000,897386000,6302000,957867000,1929536000,4100048000,-207740000
2015,AMT,12/31/2015,462879000,1292260000,3462648000,34,14,83,-998535000,50202000,0,996468000,1200029000,4771516000,-207740000
2013,AMZN,12/31/2013,8658000000,3253000000,20271000000,1,0,75,2190000000,0,3789000000,24625000000,22980000000,74452000000,-1837000000
2014,AMZN,12/31/2014,14557000000,4746000000,26236000000,0,0,82,1949000000,0,2859000000,31327000000,28089000000,88988000000,-1837000000
2015,AMZN,12/31/2015,15890000000,6281000000,35355000000,2,1,75,2545000000,0,3918000000,35705000000,33887000000,1.07E+11,-1837000000
,AMZN,12/31/2016,19334000000,8116000000,47722000000,3,2,78,4916000000,0,6647000000,45781000000,43816000000,1.36E+11,-1837000000
2013,AN,12/31/2013,69200000,101000000,2759900000,4,2,27,3337900000,929000000,0,3830000000,3751800000,17517600000,-1320600000
2014,AN,12/31/2014,75400000,112600000,2988700000,4,2,28,3756600000,1031500000,0,3999200000,3882000000,19108800000,-1747900000
2015,AN,12/31/2015,74100000,132100000,3261500000,4,2,21,2702800000,1772500000,0,4709700000,5167400000,20862000000,-359900000
,AN,12/31/2016,64800000,148800000,3313200000,4,2,20,3133300000,2649900000,0,4714800000,5829200000,21609000000,-842400000
2012,ANTM,12/31/2012,2475300000,740700000,13283600000,6,4,,12647100000,250000000,0,0,0,61497200000,0
2013,ANTM,12/31/2013,1582100000,908800000,14786400000,5,4,,13813900000,400000000,0,0,0,71023500000,0
2013,ANTM,12/31/2014,2151700000,851000000,17019200000,6,3,,14014400000,400000000,0,0,0,73874100000,0
2015,ANTM,12/31/2015,2113500000,907900000,18039600000,6,3,,14778500000,540000000,0,0,0,79156500000,0
2012,AON,12/31/2012,291000000,655000000,11514000000,14,9,,5933000000,452000000,346000000,0,0,11514000000,0
2013,AON,12/31/2013,477000000,635000000,11815000000,14,9,,5731000000,703000000,523000000,0,0,11815000000,0
2014,AON,12/31/2014,374000000,594000000,12045000000,16,12,,4605000000,783000000,394000000,0,0,12045000000,0
2015,AON,12/31/2015,384000000,543000000,11682000000,16,12,,4117000000,562000000,356000000,0,0,11682000000,0
2012,APA,12/31/2012,160000000,7109000000,13349000000,30,12,73,20161000000,1106000000,0,4962000000,5536000000,16428000000,-30000000
2013,APA,12/31/2013,1906000000,6077000000,11833000000,30,15,116,22032000000,352000000,0,6366000000,4700000000,14771000000,-1027000000
2014,APA,12/31/2014,769000000,9874000000,10180000000,21,40,156,16249000000,0,0,6415000000,3664000000,12691000000,-2890000000
2015,APA,12/31/2015,1467000000,29517000000,4318000000,437,369,173,-7153000000,0,0,3752000000,1841000000,6383000000,-2889000000
2013,APC,12/31/2013,3698000000,3927000000,11639000000,23,5,125,14356000000,500000000,0,7108000000,5703000000,14581000000,-895000000
2014,APC,12/31/2014,7369000000,4550000000,15153000000,29,9,103,12125000000,0,0,10499000000,10234000000,18470000000,-940000000
2015,APC,12/31/2015,939000000,4603000000,5513000000,101,77,95,4880000000,32000000,0,3981000000,4180000000,8698000000,-995000000
,APC,12/31/2016,3184000000,4301000000,4969000000,33,39,158,1704000000,42000000,0,5266000000,3328000000,7869000000,-1033000000
2013,APD,9/30/2013,450400000,907000000,2708300000,13,10,85,9646400000,1217300000,0,3439100000,3227600000,10180400000,-2632300000
2014,APD,9/30/2014,336600000,956900000,2809100000,13,9,87,9993200000,1294000000,0,3294800000,2963000000,10439000000,-2476900000
2015,APD,9/30/2015,206400000,936400000,2955900000,17,13,59,10580400000,1929900000,0,2793500000,3644400000,9894900000,-2359600000
2016,APD,9/30/2016,1501300000,925900000,3121700000,22,7,113,10475500000,1307100000,0,4317300000,3283300000,9524400000,-2227000000
2012,APH,12/31/2012,690850000,121800000,1343200000,19,13,222,2210120000,100293000,251653000,2706915000,888514000,4292100000,0
2013,APH,12/31/2013,886800000,136500000,1450800000,19,14,147,2424400000,701400000,305400000,3157600000,1609900000,4614700000,0
2014,APH,12/31/2014,968900000,168100000,1693800000,19,13,247,2453500000,1600000,360700000,3452200000,1045600000,5345500000,0
2015,APH,12/31/2015,1737200000,171600000,1779500000,20,14,297,2804400000,300000,23200000,3850000000,1008400000,5568700000,0
2012,ARNC,12/31/2012,1861000000,1462000000,3299000000,2,1,82,11689000000,518000000,0,7700000000,5942000000,23700000000,-3881000000
2013,ARNC,12/31/2013,1437000000,1422000000,3746000000,6,10,70,9272000000,712000000,0,6969000000,6105000000,23032000000,-3762000000
2014,ARNC,12/31/2014,1877000000,1372000000,4769000000,4,1,87,9379000000,83000000,0,7848000000,5458000000,23906000000,-3042000000
2015,ARNC,12/31/2015,1919000000,1280000000,4465000000,3,1,87,8834000000,59000000,0,7953000000,5211000000,22534000000,-2825000000
2012,ATVI,12/31/2012,3959000000,328000000,3194000000,30,24,229,1893000000,0,416000000,6274000000,2652000000,4856000000,0
2013,ATVI,12/31/2013,4410000000,316000000,3052000000,30,22,252,2686000000,25000000,33000000,6241000000,2405000000,4583000000,-5814000000
2014,ATVI,12/31/2014,4848000000,353000000,2883000000,27,19,236,3374000000,0,10000000,6541000000,2714000000,4408000000,-5762000000
2015,ATVI,12/31/2015,1823000000,501000000,3079000000,28,19,125,4096000000,0,8000000,3387000000,2611000000,4664000000,-5637000000
2012,AVB,12/31/2012,2733618000,275228000,1000627000,35,42,,-142329000,37049000,49950000,0,0,1000627000,0
2013,AVB,12/31/2013,281355000,565928000,1462921000,21,24,,-345254000,44594000,98564000,0,0,1462921000,0
2014,AVB,12/31/2014,509460000,428031000,1685061000,37,41,,-267085000,48826000,95625000,0,0,1685061000,0
2015,AVB,12/31/2015,400507000,475854000,1856028000,38,40,,-197989000,53132000,104821000,0,0,1856028000,0
,AVGO,11/1/2015,1822000000,984000000,3553000000,24,20,289,2240000000,46000000,0,3759000000,1119000000,6824000000,0
,AVGO,10/30/2016,3097000000,3078000000,5940000000,3,14,186,-215000000,454000000,0,7125000000,3078000000,13240000000,0
,AVY,12/31/2012,235400000,220600000,1528200000,6,4,93,1910800000,520200000,0,2411700000,2074500000,5863500000,-977800000
2013,AVY,12/28/2013,351600000,204600000,1637700000,8,3,103,2009100000,76900000,0,2091800000,1554100000,6140000000,-1172200000
2014,AVY,1/3/2015,207200000,201600000,1651200000,8,4,90,2116500000,204300000,0,1921300000,1593000000,6330300000,-1471300000
2015,AVY,1/2/2016,158800000,188300000,1645800000,9,5,89,2277600000,95300000,0,1775400000,1459100000,5966900000,-1587000000
2012,AWK,12/31/2012,54189000,379985000,1524426000,32,13,47,-1664955000,385904000,0,499447000,994832000,2853926000,0
2013,AWK,12/31/2013,55469000,407000000,1590000000,33,13,44,-1495698000,644481000,0,571807000,1235533000,2879000000,-5043000
2014,AWK,12/31/2014,37000000,424000000,1661000000,33,14,43,-1296000000,511000000,0,575000000,1241000000,3011000000,-11000000
2015,AWK,12/31/2015,66000000,440000000,1755000000,34,15,40,-1073000000,682000000,0,657000000,1533000000,3159000000,-143000000
2012,AXP,12/31/2012,27526000000,991000000,0,0,13,,7525000000,3314000000,338000000,0,0,33781000000,0
2013,AXP,12/31/2013,24004000000,1020000000,0,0,15,,8507000000,5021000000,498000000,0,0,34828000000,0
2014,AXP,12/31/2014,26249000000,1012000000,0,0,16,,9513000000,3480000000,470000000,0,0,35895000000,0
2015,AXP,12/31/2015,26263000000,1043000000,0,0,15,,9665000000,4812000000,258000000,0,0,34441000000,0
2013,AYI,8/31/2013,359100000,40800000,837600000,11,6,184,740300000,0,0,913500000,386200000,2089100000,-420200000
2014,AYI,8/31/2014,552500000,43400000,979200000,12,7,207,893600000,0,0,1186400000,470500000,2393500000,-420200000
2015,AYI,8/31/2015,756800000,45800000,1145600000,14,8,228,1093000000,0,0,1413400000,520900000,2706700000,-420200000
2016,AYI,8/31/2016,413200000,62600000,1436200000,14,9,153,1360900000,200000,0,1322900000,672500000,3291300000,-418600000
2013,AZO,8/31/2013,142191000,235490000,4740935000,19,11,10,-1378936000,173733000,0,3278013000,4169150000,9147530000,-1002420000
2014,AZO,8/30/2014,124485000,258123000,4934907000,19,11,10,-1529123000,180910000,0,3580612000,4541094000,9475313000,-807674000
2015,AZO,8/29/2015,175309000,276149000,5327031000,19,11,12,-1418738000,0,0,3970294000,4712873000,10187340000,-971810000
2016,AZO,8/27/2016,189734000,305377000,5608736000,19,12,13,-1602186000,0,0,4239573000,4690320000,10635676000,-932773000
2013,BA,12/31/2013,9088000000,1844000000,13355000000,8,5,43,32964000000,1563000000,6170000000,65074000000,51486000000,86623000000,-17671000000
2014,BA,12/31/2014,11733000000,1906000000,14010000000,8,6,44,36180000000,929000000,1359000000,67767000000,48233000000,90762000000,-23298000000
2015,BA,12/31/2015,11302000000,1833000000,14026000000,8,5,42,38756000000,1234000000,750000000,68234000000,50412000000,96114000000,-29568000000
,BA,12/31/2016,8801000000,1910000000,13781000000,6,5,38,40714000000,384000000,1228000000,62488000000,50134000000,94571000000,-36097000000
2012,BAC,12/31/2012,6.27E+11,5618000000,0,0,4,,62843000000,3.24E+11,0,0,0,1.00E+11,0
2013,BAC,12/31/2013,5.78E+11,4260000000,0,0,11,,72497000000,2.44E+11,11540000000,0,0,1.02E+11,0
2014,BAC,12/31/2014,5.82E+11,5210000000,0,0,5,,75024000000,2.32E+11,7510000000,0,0,95181000000,0
,BAC,12/31/2015,6.13E+11,4861000000,0,0,17,,88564000000,2.02E+11,7744000000,0,0,93056000000,0
2012,BAX,12/31/2012,3270000000,712000000,7134000000,20,17,136,10888000000,350000000,0,9260000000,4759000000,13936000000,-7592000000
2013,BAX,12/31/2013,2733000000,635000000,4162000000,5,21,128,11852000000,1040000000,0,10195000000,5248000000,9413000000,-7914000000
2014,BAX,12/31/2014,2925000000,792000000,4581000000,6,23,142,13227000000,1698000000,0,10162000000,6037000000,10719000000,-7993000000
2015,BAX,12/31/2015,2213000000,759000000,4146000000,5,10,177,9683000000,2585000000,5148000000,11796000000,5750000000,9968000000,-7646000000
2012,BBBY,3/2/2013,564971000,195117000,4388755000,15,10,86,7573612000,251481000,449933000,3867485000,1635210000,10914585000,-5033340000
2013,BBBY,3/1/2014,366516000,220116000,4565582000,14,9,66,8595902000,284216000,489331000,3788987000,1835136000,11503963000,-6317335000
2014,BBBY,2/28/2015,875574000,239193000,4619779000,13,8,70,9553376000,0,109992000,4083603000,1942681000,11881176000,-8567932000
2015,BBBY,2/27/2016,515573000,273947000,4620310000,12,7,52,10394865000,0,86197000,3825962000,1867225000,12103887000,-9668517000
2012,BBT,12/31/2012,42267000000,391000000,0,0,18,,10129000000,2864000000,0,0,0,10737000000,0
2013,BBT,12/31/2013,42370000000,421000000,0,0,16,,11044000000,4138000000,0,0,0,10543000000,0
2014,BBT,12/31/2014,43472000000,424000000,0,0,21,,12317000000,3717000000,0,0,0,9998000000,0
2015,BBT,12/31/2015,47538000000,461000000,0,0,20,,13464000000,3593000000,0,0,0,10346000000,0
2012,BBY,3/3/2012,1199000000,945000000,10984000000,5,3,52,3621000000,523000000,0,10297000000,8855000000,45457000000,0
2014,BBY,2/1/2014,2678000000,716000000,9399000000,3,1,69,3159000000,45000000,223000000,10485000000,7436000000,40611000000,0
2015,BBY,1/31/2015,2432000000,656000000,9047000000,4,3,81,4141000000,41000000,1456000000,11472000000,7777000000,40339000000,0
2016,BBY,1/30/2016,1976000000,657000000,9191000000,3,2,70,4130000000,395000000,1305000000,9886000000,6925000000,39528000000,0
2013,BCR,12/31/2013,1083200000,146400000,1855100000,21,23,296,360100000,0,0,2090400000,586500000,3049500000,0
2014,BCR,12/31/2014,1007600000,174100000,2065000000,24,9,272,-70300000,78000000,0,2047100000,614600000,3323600000,0
2015,BCR,12/31/2015,1030900000,193100000,2114800000,25,4,123,-503500000,250200000,0,1969300000,1260700000,3416000000,0
,BCR,12/31/2016,1106500000,213400000,2342300000,26,14,165,-454400000,0,0,2316400000,1108900000,3714000000,0
2013,BDX,9/30/2013,1890000000,546000000,4171000000,16,16,210,11342000000,207000000,718000000,5873000000,2130000000,8054000000,-8204000000
2014,BDX,9/30/2014,1861000000,562000000,4301000000,19,14,207,12105000000,203000000,889000000,6131000000,2235000000,8446000000,-8601000000
2015,BDX,9/30/2015,1424000000,891000000,4695000000,10,7,84,12314000000,1452000000,95000000,5659000000,4381000000,10282000000,-8239000000
2016,BDX,9/30/2016,1541000000,1114000000,5991000000,11,8,106,12727000000,1001000000,366000000,6367000000,4400000000,12483000000,-8212000000
2013,BHI,12/31/2013,1399000000,1698000000,3811000000,9,5,162,10438000000,499000000,0,11295000000,4578000000,22364000000,0
2014,BHI,12/31/2014,1740000000,1814000000,4805000000,12,7,172,11878000000,220000000,0,12045000000,4637000000,24551000000,0
2015,BHI,12/31/2015,2324000000,1742000000,1327000000,15,12,229,9614000000,151000000,0,9268000000,2775000000,15742000000,-9000000
,BHI,12/31/2016,4572000000,1166000000,-132000000,16,28,319,6583000000,132000000,0,9167000000,2304000000,9841000000,-27000000
2013,BIIB,12/31/2013,602562000,531700000,6074500000,36,27,144,6349135000,3494000,620167000,3184934000,1758279000,6932200000,-1724927000
2014,BIIB,12/31/2014,1204900000,688100000,8532300000,41,30,168,9283900000,3100000,640500000,4535000000,2218100000,9703300000,-2611700000
2015,BIIB,12/31/2015,1308000000,600400000,9523400000,45,33,225,12208400000,4800000,2120500000,6700300000,2577700000,10763800000,-2611700000
,BIIB,12/31/2016,2326500000,682700000,9970100000,45,32,226,15071600000,4700000,2568600000,8732200000,3419900000,11448800000,-2611700000
2012,BK,12/31/2012,1.45E+11,1246000000,14528000000,22,17,,14622000000,7765000000,0,0,0,14528000000,-2114000000
2013,BK,12/31/2013,1.55E+11,1389000000,14942000000,24,14,,15952000000,9744000000,0,0,0,14942000000,-3140000000
2014,BK,12/31/2014,1.43E+11,1292000000,15649000000,22,16,,17683000000,11469000000,0,0,0,15649000000,-4809000000
2015,BK,12/31/2015,1.59E+11,1457000000,14951000000,28,21,,19974000000,15002000000,0,0,0,14951000000,-7164000000
2012,BLL,12/31/2012,174100000,282900000,1561700000,9,5,77,3580800000,219800000,0,2339400000,1685800000,8735700000,-3140100000
2013,BLL,12/31/2013,416000000,299900000,1592700000,9,5,75,3947700000,422600000,0,2470900000,1927400000,8468100000,-3551600000
2014,BLL,12/31/2014,191400000,280900000,1666500000,10,5,65,4346900000,175100000,0,2313500000,2006800000,8570000000,-3923000000
2015,BLL,12/31/2015,224000000,285500000,1536700000,8,4,60,4557500000,77300000,0,2184000000,2141600000,7997000000,-3628000000
2012,BMY,12/31/2012,1656000000,681000000,13011000000,13,11,95,32733000000,826000000,1173000000,9521000000,8279000000,17621000000,-18823000000
2013,BMY,12/31/2013,3586000000,763000000,11766000000,19,16,140,32952000000,359000000,939000000,18916000000,12440000000,16385000000,-17800000000
2014,BMY,12/31/2014,5571000000,467000000,11947000000,16,13,154,32541000000,590000000,1864000000,14608000000,8461000000,15879000000,-16992000000
2015,BMY,12/31/2015,2385000000,376000000,12651000000,11,9,115,31613000000,139000000,1885000000,10415000000,8017000000,16560000000,-16559000000
2012,BSX,12/31/2012,207000000,683000000,4900000000,53,56,121,-8449000000,4000000,0,3022000000,1772000000,7249000000,-1092000000
2013,BSX,12/31/2013,217000000,689000000,4969000000,2,2,116,-8570000000,3000000,0,3011000000,1824000000,7143000000,-1592000000
2014,BSX,12/31/2014,587000000,734000000,5170000000,4,2,93,-8689000000,403000000,0,3606000000,2846000000,7380000000,-1717000000
2015,BSX,12/31/2015,319000000,805000000,5304000000,4,3,101,-8927000000,3000000,0,3471000000,2430000000,7477000000,-1717000000
2013,BWA,12/31/2013,939500000,299400000,1557500000,11,8,144,3177400000,201600000,0,2798500000,1623900000,7436600000,-727200000
2014,BWA,12/31/2014,797800000,330400000,1756400000,12,8,114,3717100000,623700000,0,2970800000,2168200000,8305100000,-832200000
2015,BWA,12/31/2015,577700000,320200000,1703100000,12,8,102,4210100000,441400000,0,3135200000,2357200000,8023200000,-1158400000
,BWA,12/31/2016,443700000,391400000,1933100000,2,1,109,4215200000,175900000,0,2911600000,2091800000,9071000000,-1381600000
2012,BXP,12/31/2012,1041978000,454044000,1179978000,35,16,,-109985000,0,55181000,0,0,1847186000,-2722000
2013,BXP,12/31/2013,2365137000,565397000,1364136000,32,35,,-108552000,0,57201000,0,0,2135539000,-2722000
2014,BXP,12/31/2014,1763079000,628573000,1532472000,33,19,,-762464000,0,487321000,0,0,2396998000,-2722000
2015,BXP,12/31/2015,723718000,639542000,1586485000,34,23,,-780952000,0,73790000,0,0,2490821000,-2722000
2012,C,12/31/2012,4.00E+11,2710000000,59581000000,8,13,,97809000000,2.63E+11,0,0,0,59581000000,-847000000
2013,C,12/31/2013,4.56E+11,3497000000,67997000000,28,20,,1.11E+11,2.62E+11,0,0,0,67997000000,-1658000000
2014,C,12/31/2014,4.03E+11,3799000000,69606000000,20,11,,1.18E+11,2.32E+11,0,0,0,69606000000,-2929000000
2015,C,12/31/2015,3.53E+11,3697000000,68024000000,35,25,,1.34E+11,1.68E+11,0,0,0,68024000000,-7677000000
2013,CAG,5/26/2013,183900000,418600000,3364900000,10,6,60,5129500000,702900000,0,4379800000,3401300000,13469300000,-3514900000
2014,CAG,5/25/2014,141300000,354600000,2927400000,10,3,82,5010600000,225900000,0,4230800000,2642400000,11838200000,-3494400000
2015,CAG,5/31/2015,164700000,380400000,2875600000,11,2,58,4331100000,1015700000,0,3563300000,3310100000,11937000000,-3364700000
2016,CAG,5/29/2016,834500000,373900000,3090800000,8,6,79,3218300000,610200000,0,3576700000,2532400000,11642900000,-3136200000
2013,CAH,6/30/2013,1901000000,397000000,4921000000,1,0,64,4038000000,168000000,0,17770000000,14590000000,1.01E+11,-1084000000
2014,CAH,6/30/2014,2865000000,459000000,5161000000,2,1,64,4774000000,801000000,0,17939000000,15115000000,91084000000,-1423000000
2015,CAH,6/30/2015,4616000000,451000000,5712000000,2,1,73,5521000000,281000000,0,21752000000,17243000000,1.03E+11,-2245000000
2016,CAH,6/30/2016,2356000000,641000000,6543000000,2,1,58,6419000000,587000000,0,21956000000,19701000000,1.22E+11,-2759000000
2013,CAT,12/31/2013,6081000000,3087000000,14202000000,10,7,94,31854000000,11031000000,0,38335000000,27297000000,55656000000,-11854000000
2014,CAT,12/31/2014,7341000000,3163000000,13842000000,6,4,96,33887000000,11501000000,0,38867000000,27877000000,55184000000,-15726000000
2015,CAT,12/31/2015,6460000000,3046000000,12878000000,8,5,91,29246000000,12844000000,0,33508000000,26242000000,47011000000,-17640000000
,CAT,12/31/2016,7168000000,3034000000,9632000000,1,0,89,27377000000,13965000000,0,31967000000,26132000000,38537000000,-17478000000
2012,CB,12/31/2012,615000000,220000000,5316000000,17,15,,10033000000,1401000000,2228000000,0,0,17936000000,-159000000
2013,CB,12/31/2013,579000000,268000000,6739000000,22,20,,13791000000,1901000000,1763000000,0,0,19261000000,-255000000
2014,CB,12/31/2014,655000000,188000000,5930000000,18,15,,16644000000,2552000000,2322000000,0,0,19171000000,-1448000000
2015,CB,12/31/2015,1775000000,158000000,6019000000,17,15,,19478000000,1404000000,10446000000,0,0,18987000000,-1922000000
2012,CBG,12/31/2012,1162973000,180423000,768671000,9,5,137,740054000,1207729000,102010000,4084550000,2972293000,6514099000,0
2013,CBG,12/31/2013,553067000,229618000,891095000,9,4,111,1056592000,621359000,58442000,2879812000,2605740000,7184794000,0
2014,CBG,12/31/2014,768974000,278256000,999696000,9,5,115,1541095000,548457000,0,3371769000,2928765000,9049918000,0
2015,CBG,12/31/2015,613167000,326407000,1139269000,8,5,106,2088227000,1785225000,0,5305223000,4994157000,10855810000,0
2012,CCI,12/31/2012,1017302000,731942000,1703691000,34,8,128,-2625990000,688056000,0,1581324000,1237858000,2432680000,0
2013,CCI,12/31/2013,406920000,840587000,1874734000,31,3,118,-2535879000,103586000,0,892683000,756387000,2865751000,0
2014,CCI,12/31/2014,298723000,1066635000,2232150000,27,11,138,-2815428000,113335000,0,1282996000,932131000,3538756000,0
2015,CCI,12/31/2015,309541000,1073304000,2342425000,26,42,115,-2458397000,106219000,0,981245000,855369000,3663851000,0
2013,CCL,11/30/2013,462000000,1590000000,4811000000,9,7,23,18782000000,1468000000,0,1937000000,6720000000,15456000000,-3077000000
2014,CCL,11/30/2014,331000000,1637000000,5463000000,11,8,16,19158000000,1725000000,0,1488000000,6921000000,15884000000,-3087000000
2015,CCL,11/30/2015,1395000000,1626000000,6267000000,16,11,30,20060000000,1374000000,0,2451000000,6956000000,15714000000,-3475000000
,CCL,11/30/2016,603000000,1738000000,7006000000,19,17,19,21843000000,1097000000,0,1689000000,7072000000,16389000000,-5789000000
2013,CELG,12/31/2013,3234400000,374100000,6153500000,28,22,371,4472500000,544800000,2452600000,7550500000,1945500000,6493900000,-7662100000
2014,CELG,12/31/2014,4121600000,369400000,7284500000,33,26,441,6472400000,605900000,3425100000,9712600000,2112200000,7670400000,-10698800000
2015,CELG,12/31/2015,4880300000,402000000,8835900000,24,17,455,8074400000,0,1671600000,9400900000,1968900000,9256000000,-14051800000
,CELG,12/31/2016,6169900000,504700000,10791200000,28,18,350,10073600000,500700000,1799800000,10867500000,2959200000,11229200000,-16281100000
2013,CERN,12/28/2013,202377000,263538000,2396026000,20,14,270,2393048000,54107000,677004000,1761708000,640432000,2910748000,-28251000
2014,CERN,1/3/2015,635203000,302353000,2798326000,22,15,367,2918481000,67460000,785663000,2348786000,634315000,3402703000,-245333000
2015,CERN,1/2/2016,402122000,452225000,3674486000,18,12,233,3457843000,41797000,111059000,1827833000,777866000,4425267000,-590390000
,CERN,12/31/2016,170861000,504236000,4017357000,19,13,190,4094327000,26197000,185588000,1619361000,845401000,4796473000,-1290665000
2012,CF,12/31/2012,2274900000,419800000,3113300000,48,31,266,3461100000,5000000,0,2807600000,950200000,6104000000,-2300000
2013,CF,12/31/2013,1864800000,410600000,2520200000,44,28,284,3725600000,0,0,2630100000,828300000,5474700000,-201800000
2014,CF,12/31/2014,2082700000,392500000,1778500000,50,46,238,3175300000,0,0,2530500000,979700000,4743200000,-222200000
2015,CF,12/31/2015,308800000,479600000,1547100000,28,15,66,3057900000,0,0,1127100000,1215200000,4308300000,-152700000
,CFG,12/31/2012,23706000000,564000000,0,0,12,,5846000000,4102000000,0,0,0,5513000000,0
,CFG,12/31/2013,24235000000,477000000,0,0,67,,1235000000,7042000000,0,0,0,5133000000,0
2014,CFG,12/31/2014,28350000000,432000000,0,0,16,,1294000000,10529000000,0,0,0,5342000000,-336000000
2015,CFG,12/31/2015,27516000000,488000000,0,0,16,,1913000000,3432000000,0,0,0,5276000000,-858000000
2012,CHD,12/31/2012,343000000,85000000,1291400000,19,12,95,1929300000,253800000,0,933800000,725600000,2921900000,-336100000
2013,CHD,12/31/2013,496900000,90500000,1438000000,19,12,133,2168500000,153800000,0,1115800000,651200000,3194300000,-368100000
2014,CHD,12/31/2014,423000000,91200000,1452900000,19,13,85,2414900000,396600000,0,1018100000,905300000,3297600000,-789500000
2015,CHD,12/31/2015,330000000,101000000,1511800000,20,12,72,2650000000,357200000,0,906000000,872700000,3394800000,-1103700000
2012,CHK,12/31/2012,398000000,2811000000,5235000000,14,6,47,437000000,568000000,0,2948000000,6266000000,12316000000,-48000000
2013,CHK,12/31/2013,912000000,2903000000,6150000000,11,4,66,688000000,208000000,0,3656000000,5515000000,19080000000,-46000000
2014,CHK,12/31/2014,4146000000,2915000000,7076000000,15,8,132,1483000000,396000000,0,7468000000,5656000000,23125000000,-37000000
2015,CHK,12/31/2015,825000000,2229000000,2469000000,148,115,67,-13202000000,421000000,0,2480000000,3685000000,12764000000,-33000000
2012,CHRW,12/31/2012,210019000,38090000,1717571000,6,5,136,2218229000,253646000,0,1672290000,1232217000,11359113000,-1024124000
2013,CHRW,12/31/2013,162047000,56882000,1836095000,5,3,131,2413833000,375000000,0,1664485000,1269981000,12752076000,-1696403000
2014,CHRW,12/31/2014,488328000,57009000,2007652000,6,3,134,2648539000,605000000,0,2105459000,1575860000,13470067000,-1909528000
2015,CHRW,12/31/2015,168229000,66409000,2268480000,6,4,119,2922620000,450000000,0,1730698000,1448597000,13476084000,-2128013000
2013,CHTR,12/31/2013,21000000,1854000000,2810000000,11,2,22,-1568000000,0,0,322000000,1467000000,8155000000,0
2014,CHTR,12/31/2014,3000000,2102000000,3135000000,11,2,21,-1762000000,0,0,345000000,1635000000,9108000000,0
2015,CHTR,12/31/2015,5000000,2125000000,3328000000,11,3,17,-2061000000,0,0,345000000,1972000000,9754000000,0
,CHTR,12/31/2016,1535000000,6907000000,10348000000,12,12,34,733000000,2028000000,0,3300000000,9572000000,29003000000,0
2012,CI,12/31/2012,2978000000,560000000,11219000000,9,6,,12330000000,201000000,154000000,0,0,29119000000,-5277000000
2013,CI,12/31/2013,2795000000,597000000,11515000000,7,5,,13676000000,233000000,631000000,0,0,32380000000,-6037000000
2014,CI,12/31/2014,1420000000,588000000,13580000000,9,6,,10289000000,147000000,163000000,0,0,34914000000,-1422000000
2015,CI,12/31/2015,1968000000,585000000,14586000000,9,6,,12121000000,149000000,381000000,0,0,37876000000,-1769000000
2012,CINF,12/31/2012,487000000,44000000,634000000,14,10,,4021000000,0,0,0,0,4111000000,-1225000000
2013,CINF,12/31/2013,433000000,50000000,783000000,16,11,,4268000000,0,0,0,0,4531000000,-1290000000
2014,CINF,12/31/2014,591000000,51000000,788000000,15,11,,4505000000,0,0,0,0,4945000000,-1287000000
2015,CINF,12/31/2015,544000000,52000000,947000000,17,12,,4762000000,0,0,0,0,5142000000,-1308000000
2012,CL,12/31/2012,884000000,425000000,9932000000,23,14,85,16953000000,304000000,0,4556000000,3736000000,17085000000,-14386000000
2013,CL,12/31/2013,962000000,439000000,10201000000,20,13,77,17952000000,908000000,0,4931000000,4579000000,17420000000,-15633000000
2014,CL,12/31/2014,1089000000,442000000,10109000000,21,13,88,18832000000,504000000,0,4863000000,3946000000,17277000000,-16862000000
2015,CL,12/31/2015,970000000,449000000,9399000000,17,9,91,18861000000,302000000,0,4384000000,3534000000,16034000000,-18102000000
2013,CLX,6/30/2013,299000000,180000000,2391000000,18,10,90,1561000000,202000000,0,1420000000,1134000000,5533000000,-1868000000
2014,CLX,6/30/2014,329000000,177000000,2356000000,18,10,62,1739000000,718000000,0,1395000000,1638000000,5514000000,-2036000000
2015,CLX,6/30/2015,382000000,169000000,2465000000,18,10,74,1923000000,395000000,0,1429000000,1405000000,5655000000,-2237000000
2016,CLX,6/30/2016,401000000,165000000,2598000000,18,11,67,2163000000,523000000,0,1485000000,1558000000,5761000000,-2323000000
2013,CMA,12/31/2013,15758000000,96000000,0,0,20,,6318000000,253000000,112000000,0,0,2666000000,-2097000000
2014,CMA,12/31/2014,16122000000,102000000,0,0,23,,6744000000,116000000,99000000,0,0,2607000000,-2259000000
2015,CMA,12/31/2015,18647000000,124000000,0,0,18,,7084000000,23000000,113000000,0,0,2819000000,-2409000000
,CMA,12/31/2016,19587000000,125000000,0,0,16,,7331000000,25000000,92000000,0,0,2960000000,-2428000000
2012,CME,12/31/2012,1604700000,253100000,2782400000,61,32,,3993400000,749700000,0,0,0,2782400000,0
2013,CME,12/31/2013,2469700000,238100000,2784900000,53,35,,3494600000,749900000,0,0,0,2784900000,0
2014,CME,12/31/2014,1366100000,233200000,2993100000,55,38,,3317300000,0,0,0,0,2993100000,0
2015,CME,12/31/2015,1692600000,228600000,3209400000,58,39,,2907600000,0,0,0,0,3209400000,0
2013,CMG,12/31/2013,323203000,96054000,854769000,17,10,328,1276897000,0,254971000,666307000,199228000,3214591000,-660421000
2014,CMG,12/31/2014,419465000,110474000,1117756000,17,11,344,1722271000,0,338592000,859511000,245710000,4108269000,-748759000
2015,CMG,12/31/2015,248005000,130368000,1174287000,17,11,286,2197873000,0,415199000,814647000,279942000,4501223000,-1234612000
,CMG,12/31/2016,87880000,146368000,498214000,1,1,180,2220811000,0,329836000,522374000,281793000,3904384000,-2049389000
2013,CMI,12/31/2013,2699000000,407000000,4280000000,12,9,186,8406000000,68000000,150000000,8639000000,3368000000,17301000000,-2195000000
2014,CMI,12/31/2014,2301000000,455000000,4861000000,12,9,154,9545000000,109000000,93000000,9055000000,4021000000,19221000000,-2844000000
2015,CMI,12/31/2015,1711000000,514000000,4947000000,11,7,138,10322000000,63000000,100000000,7947000000,3803000000,19110000000,-3735000000
,CMI,12/31/2016,1120000000,530000000,4452000000,11,8,116,11040000000,288000000,260000000,7707000000,4325000000,17509000000,-4489000000
2013,CMS,12/31/2013,204000000,628000000,2004000000,17,7,85,-1242000000,732000000,0,2526000000,1945000000,6566000000,0
2014,CMS,12/31/2014,244000000,685000000,2089000000,16,7,86,-1058000000,600000000,0,2597000000,1948000000,7179000000,0
2015,CMS,12/31/2015,285000000,750000000,2175000000,18,8,67,-855000000,955000000,0,2320000000,2302000000,6456000000,0
,CMS,12/31/2016,254000000,811000000,2389000000,20,9,62,-616000000,1284000000,0,2280000000,2655000000,6399000000,0
2012,CNC,12/31/2012,843952000,66000000,1329000000,1,0,,566820000,3373000,138101000,0,0,8110000000,-69864000
2013,CNC,12/31/2013,1038000000,67000000,1868000000,3,2,,732000000,3000000,102000000,0,0,10863000000,-89000000
2014,CNC,12/31/2014,1610000000,89000000,3882000000,3,2,,1003000000,5000000,177000000,0,0,16560000000,-98000000
2015,CNC,12/31/2015,1760000000,111000000,5518000000,3,2,,1358000000,5000000,176000000,0,0,22760000000,-147000000
2012,CNP,12/31/2012,646000000,1082000000,2705000000,14,6,71,0,1720000000,540000000,2874000000,3575000000,7452000000,0
2013,CNP,12/31/2013,208000000,984000000,2351000000,12,4,79,0,1012000000,767000000,2658000000,3019000000,8106000000,0
2014,CNP,12/31/2014,298000000,1041000000,2336000000,10,7,103,0,1408000000,930000000,3268000000,2792000000,9226000000,0
2015,CNP,12/31/2015,264000000,997000000,2277000000,13,9,95,0,1366000000,805000000,2689000000,2467000000,7386000000,0
2012,COF,12/31/2012,75046000000,1862000000,0,0,15,,16853000000,25826000000,0,0,0,23771000000,-3287000000
2013,COF,12/31/2013,67223000000,2065000000,0,0,17,,20292000000,17231000000,0,0,0,24176000000,-4320000000
2014,COF,12/31/2014,69250000000,2002000000,0,0,19,,23973000000,18149000000,0,0,0,23869000000,-6365000000
2015,COF,12/31/2015,71703000000,2100000000,0,0,16,,27045000000,21112000000,0,0,0,25038000000,-8806000000
2012,COG,12/31/2012,30736000,456670000,914492000,25,11,58,1373264000,75192000,0,270310000,444139000,1204546000,-3349000
2013,COG,12/31/2013,51494000,654745000,1345997000,32,16,89,1627805000,13912000,0,378899000,407905000,1746278000,-167983000
2014,COG,12/31/2014,20954000,637514000,1648131000,5,5,80,1698995000,0,0,413447000,499018000,2173011000,-306835000
2015,COG,12/31/2015,514000,626665000,776156000,7,8,54,1552014000,20000000,0,144786000,235552000,1357150000,-306835000
2013,COL,9/30/2013,391000000,177000000,1371000000,20,14,80,4163000000,436000000,0,3094000000,1981000000,4474000000,-2729000000
2014,COL,9/30/2014,323000000,225000000,1510000000,18,12,68,4605000000,504000000,0,3204000000,2198000000,4979000000,-2846000000
2015,COL,9/30/2015,252000000,252000000,1614000000,19,13,68,5124000000,448000000,0,3224000000,2060000000,5244000000,-3071000000
2016,COL,9/30/2016,340000000,253000000,1617000000,19,14,66,3327000000,740000000,0,3490000000,2346000000,5259000000,-858000000
2013,COO,10/31/2013,77393000,125349000,1026808000,19,19,127,1311851000,42987000,0,747241000,321253000,1587725000,-225917000
2014,COO,10/31/2014,25222000,138201000,1091570000,18,16,93,1578823000,101518000,0,791617000,442182000,1717776000,-294662000
,COO,10/31/2015,16426000,191403000,1070262000,13,11,74,1779440000,243803000,0,841428000,568782000,1797060000,-360149000
2016,COO,10/31/2016,100817000,198274000,1173079000,16,14,96,2050443000,226325000,0,934458000,536455000,1966814000,-360149000
2013,COST,9/1/2013,4644000000,946000000,13208000000,3,2,60,6283000000,0,1480000000,15840000000,13257000000,1.05E+11,0
2014,COST,8/31/2014,5738000000,1029000000,14182000000,3,2,63,7458000000,0,1577000000,17588000000,14412000000,1.13E+11,0
2015,COST,8/30/2015,4801000000,1127000000,15134000000,3,2,48,6518000000,1283000000,1618000000,16779000000,16539000000,1.16E+11,0
2016,COST,8/28/2016,3379000000,1255000000,15818000000,3,2,40,7686000000,1100000000,1350000000,15218000000,15575000000,1.19E+11,0
,COTY,6/30/2003,295000,38000,1320000,73,82,175,-1611000,0,702000,1993000,1117000,1577000,0
,COTY,6/30/2004,306000,113000,1373000,241,239,590,-5233000,0,5390000,6639000,1122000,1514000,0
,COTY,2/28/2006,1876000,5027000,4054000,58,61,82,-47733000,32000,0,27083000,13110000,79562000,0
,COTY,2/28/2007,3303000,8248000,15165000,11,104,91,-151435000,2000000,0,48658000,22048000,99642000,0
2013,CPB,7/28/2013,333000000,407000000,2912000000,13,6,39,1772000000,1909000000,0,2221000000,3282000000,8052000000,-364000000
2014,CPB,8/3/2014,232000000,305000000,2971000000,15,10,36,2198000000,1771000000,0,2100000000,2989000000,8268000000,-356000000
2015,CPB,8/2/2015,253000000,303000000,2782000000,13,8,39,1754000000,1543000000,0,2093000000,2806000000,8082000000,-556000000
2016,CPB,7/31/2016,296000000,308000000,2780000000,12,7,38,1927000000,1219000000,0,1908000000,2555000000,7961000000,-664000000
2013,CRM,1/31/2013,747245000,395699000,2366616000,4,9,69,-110982000,521278000,120376000,2015880000,2917624000,3050195000,0
2014,CRM,1/31/2014,781635000,613558000,3102575000,7,6,67,-343157000,572159000,57139000,2680252000,3980188000,4071003000,0
2015,CRM,1/31/2015,908117000,745558000,4084316000,3,5,80,-605845000,0,87312000,3514544000,4390103000,5373586000,0
2016,CRM,1/31/2016,1158363000,872291000,5012668000,2,1,77,-653271000,0,183018000,4347327000,5617005000,6667216000,0
2013,CSCO,7/27/2013,7925000000,2460000000,29440000000,23,21,291,16215000000,3283000000,42685000000,65521000000,21996000000,48607000000,0
2014,CSCO,7/26/2014,6726000000,2439000000,27769000000,20,17,331,14093000000,508000000,45348000000,67114000000,19809000000,47142000000,0
2015,CSCO,7/25/2015,6877000000,2442000000,29681000000,22,18,306,16045000000,3897000000,53539000000,73368000000,23412000000,49161000000,0
2016,CSCO,7/30/2016,7631000000,2150000000,30960000000,26,22,311,19396000000,4160000000,58125000000,78719000000,24911000000,49247000000,0
,CSRA,4/3/2015,4979000,146764000,787445000,11,7,113,0,21351000,0,794371000,702047000,4069746000,0
2016,CSRA,4/1/2016,130016000,195189000,674816000,4,2,93,-73901000,170191000,0,1004522000,1085739000,4250447000,0
,CSX,12/31/2013,592000000,1104000000,8095000000,29,15,97,9936000000,533000000,487000000,2602000000,2424000000,12026000000,0
2014,CSX,12/26/2014,669000000,1151000000,8569000000,29,15,109,10734000000,228000000,292000000,2572000000,2107000000,12669000000,0
2015,CSX,12/25/2015,628000000,1208000000,8518000000,30,17,128,11238000000,20000000,810000000,2840000000,1952000000,11811000000,0
,CSX,12/30/2016,603000000,1301000000,8287000000,31,15,102,11253000000,331000000,417000000,2487000000,2040000000,11069000000,0
2013,CTAS,5/31/2013,352273000,189377000,1753309000,13,7,249,3717771000,8187000,5680000,1624826000,556256000,4245964000,-1850556000
2014,CTAS,5/31/2014,513288000,190862000,1749759000,14,9,247,3998893000,503000,0,1805681000,630131000,4193844000,-2221155000
2015,CTAS,5/31/2015,417073000,155082000,1921337000,16,10,297,4227620000,0,16081000,1735807000,508669000,4476886000,-2773125000
2016,CTAS,5/31/2016,139357000,165279000,2129870000,16,14,164,4805867000,250000000,70405000,1590035000,815555000,4905458000,-3553276000
2012,CTL,12/31/2012,211000000,4692000000,10737000000,15,4,79,1285000000,1205000000,0,3638000000,4595000000,18376000000,0
2013,CTL,12/31/2013,168000000,4495000000,10588000000,8,1,89,66000000,785000000,0,3907000000,4409000000,18095000000,0
2014,CTL,12/31/2014,128000000,4407000000,10185000000,13,4,69,147000000,550000000,0,2696000000,3918000000,18031000000,0
2015,CTL,12/31/2015,126000000,4186000000,10122000000,15,5,58,272000000,1503000000,0,2650000000,4604000000,17900000000,0
2012,CTSH,12/31/2012,1570077000,156588000,3068231000,19,14,350,4633789000,0,1293681000,4814294000,1377330000,7346472000,0
2013,CTSH,12/31/2013,2213006000,179900000,3577700000,19,14,346,5862367000,0,1534467000,6147882000,1774508000,8843200000,0
2014,CTSH,12/31/2014,2010100000,208100000,4121600000,18,14,248,7301600000,700000000,1764600000,6420600000,2592100000,10262700000,0
2015,CTSH,12/31/2015,2125200000,330000000,4975800000,17,13,291,8925200000,406300000,2824300000,7908600000,2713700000,12416000000,0
2013,CTXS,12/31/2013,280740000,267500000,2415639000,13,12,106,2903541000,0,453976000,1563095000,1464061000,2918434000,-3563273000
2014,CTXS,12/31/2014,260149000,353563000,2522637000,10,8,105,3155264000,0,529260000,1688324000,1590109000,3142856000,-5237830000
2015,CTXS,12/31/2015,368518000,428892000,2661230000,11,10,100,3474625000,0,502852000,1683951000,1680969000,3275594000,-6039870000
,CTXS,12/31/2016,956956000,286123000,2858724000,19,16,82,4010737000,1348156000,727073000,2561277000,3098349000,3418265000,-6135197000
2013,CVS,12/31/2013,4089000000,1870000000,23783000000,6,4,93,28493000000,5109000000,88000000,25325000000,15425000000,1.27E+11,-20169000000
2014,CVS,12/31/2014,2481000000,1931000000,25367000000,6,3,74,31849000000,6664000000,34000000,25983000000,19027000000,1.39E+11,-24078000000
2015,CVS,12/31/2015,2459000000,2092000000,26528000000,6,3,65,35506000000,8850000000,88000000,29158000000,23169000000,1.53E+11,-28886000000
,CVS,12/31/2016,3371000000,2475000000,28857000000,6,3,62,38983000000,11367000000,87000000,31042000000,26250000000,1.78E+11,-33452000000
2012,CVX,12/31/2012,20939000000,13413000000,67254000000,15,11,145,1.60E+11,127000000,266000000,55720000000,34212000000,2.31E+11,-33884000000
2013,CVX,12/31/2013,16245000000,14186000000,60833000000,12,10,133,1.74E+11,374000000,263000000,50250000000,33018000000,2.20E+11,-38290000000
2014,CVX,12/31/2014,12785000000,16793000000,55538000000,10,10,112,1.85E+11,3790000000,422000000,42232000000,31926000000,2.00E+11,-42733000000
2015,CVX,12/31/2015,11022000000,21037000000,37140000000,3,4,110,1.82E+11,4928000000,310000000,35347000000,26464000000,1.30E+11,-42493000000
2012,CXO,12/31/2012,2880000,579315000,1476071000,47,24,62,1490563000,1584000,0,458882000,740086000,1819814000,-7186000
2013,CXO,12/31/2013,21000,778655000,1864483000,27,11,69,1741566000,53701000,0,520875000,756868000,2319919000,-10884000
2014,CXO,12/31/2014,21000,986812000,2121773000,41,20,94,2279741000,0,0,1188396000,1264627000,2660147000,-26478000
2015,CXO,12/31/2015,228550000,1230853000,1262214000,21,4,220,2345641000,0,0,1314550000,596420000,1803573000,-31609000
2012,D,12/31/2012,460000000,1443000000,4535000000,22,2,50,5790000000,5145000000,0,5140000000,7763000000,12835000000,0
2013,D,12/31/2013,936000000,1390000000,5087000000,25,13,68,6183000000,4274000000,0,5940000000,6994000000,13120000000,0
2014,D,12/31/2014,605000000,1560000000,4555000000,22,11,58,6095000000,4741000000,0,5615000000,7198000000,12436000000,0
2015,D,12/31/2015,623000000,1669000000,5482000000,30,16,35,6458000000,5647000000,0,4191000000,8120000000,11683000000,0
2013,DAL,12/31/2013,3429000000,1658000000,16809000000,9,28,61,3049000000,1693000000,959000000,9651000000,14152000000,37773000000,-258000000
2014,DAL,12/31/2014,3166000000,1771000000,17395000000,5,2,49,3456000000,3956000000,1217000000,9158000000,16847000000,40362000000,-313000000
2015,DAL,12/31/2015,3959000000,1835000000,23608000000,19,11,48,5562000000,4144000000,1465000000,9056000000,17526000000,40704000000,-373000000
,DAL,12/31/2016,3155000000,1902000000,23699000000,18,11,43,7903000000,1819000000,487000000,7451000000,15239000000,39639000000,-274000000
2013,DD,12/31/2013,8941000000,1603000000,11356000000,10,17,122,16784000000,1721000000,145000000,24384000000,13367000000,28998000000,-6727000000
2014,DD,12/31/2014,6910000000,1617000000,11383000000,14,13,140,16894000000,1422000000,124000000,26082000000,13805000000,28406000000,-6727000000
2015,DD,12/31/2015,5300000000,1466000000,10018000000,12,8,109,14510000000,1165000000,906000000,17387000000,10316000000,25130000000,-6727000000
,DD,12/31/2016,4605000000,1258000000,10125000000,14,10,129,14924000000,429000000,1362000000,17117000000,8897000000,24594000000,-6727000000
2013,DE,10/31/2013,3504000000,1140300000,12128100000,16,9,181,19645600000,12898000000,1624800000,45102700000,22138800000,37795400000,-10210900000
2014,DE,10/31/2014,3787000000,1306500000,11291100000,15,9,196,22004400000,12577700000,1215100000,46044400000,21393700000,36066900000,-12834200000
,DE,10/31/2015,4162200000,1382400000,8719600000,12,7,186,23144800000,13016600000,437400000,42135800000,20569500000,28862800000,-15497600000
2016,DE,10/31/2016,4335800000,1559800000,8395100000,11,6,194,23911300000,11914700000,453500000,41004900000,19402400000,26644000000,-15677100000
2012,DFS,11/30/2012,10147000000,-240000000,0,0,26,,7373000000,284000000,0,0,0,8984000000,-1678000000
2013,DFS,12/31/2013,11545000000,-131000000,0,0,26,,9611000000,140000000,0,0,0,9370000000,-2986000000
2014,DFS,12/31/2014,11233000000,-105000000,0,0,24,,11467000000,113000000,0,0,0,9611000000,-4550000000
2015,DFS,12/31/2015,12656000000,-41000000,0,0,23,,13250000000,0,0,0,0,10002000000,-6265000000
2012,DG,2/1/2013,140809000,302911000,5085401000,10,6,16,1710732000,892000,0,2677113000,1738547000,16022128000,0
2013,DG,1/31/2014,505566000,332837000,5435742000,10,6,36,2125453000,75966000,0,3205607000,1811971000,17504167000,0
2014,DG,1/30/2015,579823000,342353000,5802507000,9,6,38,2403045000,101158000,0,3532609000,1962472000,18909588000,0
2015,DG,1/29/2016,157947000,352431000,6306091000,10,6,18,2025545000,1379000,0,3432410000,1995596000,20368562000,0
2012,DGX,12/31/2012,296000000,287000000,3018000000,16,8,140,4690000000,10000000,0,1561000000,1048000000,7383000000,-2914000000
2013,DGX,12/31/2013,187000000,283000000,2820000000,21,12,114,5358000000,212000000,0,1383000000,1132000000,7146000000,-3783000000
2014,DGX,12/31/2014,192000000,314000000,2798000000,13,7,87,5723000000,518000000,0,1603000000,1709000000,7435000000,-3815000000
2015,DGX,12/31/2015,133000000,304000000,2836000000,19,9,121,6199000000,159000000,0,1501000000,1173000000,7493000000,-3960000000
2013,DHI,9/30/2013,1055200000,62400000,1405800000,12,7,,2145600000,0,0,0,0,6259300000,-134300000
2014,DHI,9/30/2014,671800000,65800000,1756300000,12,7,,2630500000,0,0,0,0,8024900000,-134300000
2015,DHI,9/30/2015,1393500000,59700000,2288300000,12,7,,3289600000,0,0,0,0,10824000000,-134300000
2016,DHI,9/30/2016,1312700000,66400000,2654800000,13,7,,4057200000,0,0,0,0,12157400000,-134300000
2012,DHR,12/31/2012,1678700000,839800000,9414300000,17,13,137,15379900000,55500000,0,7587800000,4206100000,18260400000,0
2013,DHR,12/31/2013,3115200000,850600000,9342000000,17,15,162,18005300000,62300000,0,9113700000,4527400000,18283100000,0
2014,DHR,12/31/2014,3005600000,889500000,9892600000,17,14,142,20323000000,71900000,0,9431300000,5396400000,19154000000,0
2015,DHR,12/31/2015,790800000,1051300000,10762500000,17,16,93,21012300000,845200000,0,7836700000,6170400000,20563100000,0
2013,DIS,9/28/2013,3931000000,2192000000,20007000000,21,14,108,47758000000,1512000000,0,14109000000,11704000000,45041000000,-34582000000
2014,DIS,9/27/2014,3421000000,2288000000,22393000000,23,15,102,53734000000,2164000000,0,15169000000,13292000000,48813000000,-41109000000
2015,DIS,10/3/2015,4269000000,2354000000,24101000000,25,16,93,59028000000,4563000000,0,16758000000,16334000000,52465000000,-47204000000
2016,DIS,10/1/2016,4610000000,2527000000,25639000000,26,17,92,66088000000,3687000000,0,16966000000,16842000000,55632000000,-54703000000
2013,DISCA,12/31/2013,408000000,1466000000,3846000000,36,19,186,2892000000,17000000,0,2410000000,1294000000,5535000000,-3531000000
2014,DISCA,12/31/2014,367000000,1886000000,4141000000,33,18,96,3809000000,1107000000,0,2491000000,2604000000,6265000000,-4763000000
2015,DISCA,12/31/2015,390000000,2039000000,4051000000,31,16,164,4517000000,119000000,0,2596000000,1579000000,6394000000,-5461000000
,DISCA,12/31/2016,300000000,2095000000,4065000000,32,18,166,5232000000,82000000,0,2599000000,1561000000,6497000000,-6356000000
,DISCK,12/31/2013,408000000,1466000000,3846000000,36,19,186,2892000000,17000000,0,2410000000,1294000000,5535000000,-3531000000
,DISCK,12/31/2014,367000000,1886000000,4141000000,33,18,96,3809000000,1107000000,0,2491000000,2604000000,6265000000,-4763000000
,DISCK,12/31/2015,390000000,2039000000,4051000000,31,16,164,4517000000,119000000,0,2596000000,1579000000,6394000000,-5461000000
,DISCK,12/31/2016,300000000,2095000000,4065000000,32,18,166,5232000000,82000000,0,2599000000,1561000000,6497000000,-6356000000
2013,DLPH,12/31/2013,1393000000,510000000,2777000000,11,8,120,1446000000,61000000,0,5752000000,3894000000,15051000000,0
2014,DLPH,12/31/2014,860000000,549000000,3028000000,11,9,108,1548000000,34000000,0,5224000000,3889000000,15499000000,0
2015,DLPH,12/31/2015,536000000,551000000,3010000000,11,10,100,1627000000,52000000,0,5121000000,3927000000,15165000000,0
,DLPH,12/31/2016,839000000,713000000,3554000000,12,8,101,1980000000,12000000,0,5419000000,4148000000,16661000000,0
2012,DLR,12/31/2012,100331000,393995000,817169000,29,16,,0,877900000,0,0,0,1279067000,0
2013,DLR,12/31/2013,97170000,486805000,926599000,26,21,,0,847629000,0,0,0,1482259000,0
2014,DLR,12/31/2014,52876000,557356000,1013117000,16,12,,0,634429000,0,0,0,1616438000,0
2015,DLR,12/31/2015,75062000,578064000,1112054000,23,17,,0,1106231000,0,0,0,1763336000,0
2012,DLTR,2/2/2013,399900000,175300000,2652700000,12,8,74,1666300000,14300000,0,1473500000,676200000,7394500000,0
2013,DLTR,2/1/2014,267700000,190500000,2789800000,12,8,50,1174800000,12800000,0,1378500000,686300000,7840300000,0
2014,DLTR,1/31/2015,864100000,205900000,3034000000,12,7,111,1774000000,0,0,1994600000,861600000,8602200000,0
2015,DLTR,1/30/2016,736100000,552300000,4656700000,7,2,50,2056400000,108000000,4000000,3935900000,2095400000,15498400000,0
2012,DNB,12/31/2012,149100000,101800000,1663000000,26,18,85,2405500000,200000,0,747400000,876700000,1663000000,-2833300000
2013,DNB,12/31/2013,235900000,93800000,1558400000,27,17,96,2600900000,100000,0,822400000,852300000,1558400000,-3181300000
2014,DNB,12/31/2014,316300000,85400000,1584500000,26,19,80,2831100000,301100000,0,932600000,1158900000,1584500000,-3392400000
2015,DNB,12/31/2015,365700000,98500000,1637100000,21,10,100,2932800000,20000000,0,959600000,959200000,1637100000,-3377100000
2013,DOV,12/31/2013,803882000,278033000,2778591000,16,14,149,7954536000,229278000,0,2717972000,1342248000,7155096000,-3771758000
2014,DOV,12/31/2014,681581000,307188000,2974249000,16,10,97,7074782000,777956000,0,2833969000,2038849000,7752728000,-4371852000
2015,DOV,12/31/2015,362185000,327089000,2568144000,13,13,118,7686642000,151122000,0,2419010000,1367182000,6956311000,-4972016000
,DOV,12/31/2016,349146000,360739000,2471969000,11,7,89,7927795000,414550000,0,2589191000,1940318000,6794342000,-4972016000
2013,DPS,12/31/2013,153000000,169000000,3498000000,17,10,89,1393000000,66000000,0,1119000000,1030000000,5997000000,0
2014,DPS,12/31/2014,237000000,170000000,3630000000,19,11,97,1771000000,3000000,0,1211000000,1038000000,6121000000,0
2015,DPS,12/31/2015,911000000,163000000,3723000000,21,12,102,2165000000,507000000,0,1817000000,1583000000,6282000000,0
,DPS,12/31/2016,1787000000,160000000,3858000000,22,13,241,2266000000,10000000,0,2736000000,1051000000,6440000000,0
2013,DRI,5/26/2013,88200000,291300000,1304400000,7,7,29,998900000,164500000,0,764900000,1416400000,5921000000,-8100000
2014,DRI,5/25/2014,98300000,318200000,1295100000,5,5,110,995800000,222600000,0,1975800000,1618500000,6285600000,-7800000
2015,DRI,5/31/2015,535900000,327900000,1422500000,5,10,75,1026000000,15000000,0,1056400000,1196700000,6764000000,-7800000
2016,DRI,5/29/2016,274800000,293800000,1541100000,9,5,54,547500000,0,0,820300000,1187100000,6933500000,-7800000
2012,DUK,12/31/2012,1424000000,2652000000,6677000000,16,10,69,1889000000,4167000000,333000000,10122000000,10029000000,17912000000,0
2013,DUK,12/31/2013,1501000000,3229000000,9211000000,21,12,84,2363000000,2943000000,44000000,10516000000,8644000000,22756000000,0
2014,DUK,12/31/2014,2036000000,3507000000,9602000000,22,8,72,2012000000,5321000000,0,11575000000,11233000000,23925000000,0
2015,DUK,12/31/2015,857000000,3613000000,9731000000,23,12,40,2564000000,5707000000,0,8322000000,11400000000,23459000000,0
2012,DVA,12/31/2012,533748000,343908000,2602731000,16,7,139,3731835000,472006000,7138000,2887050000,2016425000,8186280000,-1162336000
2013,DVA,12/31/2013,946249000,528119000,3565673000,13,5,137,3363989000,562149000,6801000,3472278000,2462049000,11764050000,0
2014,DVA,12/31/2014,965241000,590935000,3675801000,14,6,168,4087103000,434500000,337399000,3636170000,2088651000,12795106000,0
2015,DVA,12/31/2015,1499116000,638024000,3957003000,8,2,180,4356835000,461139000,408084000,4503280000,2399138000,13781837000,-544772000
2013,DVN,12/31/2013,6066000000,2780000000,8129000000,5,0,120,15410000000,4066000000,0,8005000000,6655000000,10397000000,0
2014,DVN,12/31/2014,1480000000,3571000000,18306000000,23,8,109,16631000000,1432000000,0,6498000000,5935000000,20638000000,0
2015,DVN,12/31/2015,2310000000,3385000000,11041000000,158,110,122,1781000000,976000000,0,4021000000,3295000000,13145000000,0
,DVN,12/31/2016,1959000000,2061000000,10615000000,24,27,144,-1646000000,0,0,3772000000,2616000000,12197000000,0
2013,EA,3/31/2013,1292000000,264000000,2409000000,3,3,119,21000000,0,388000000,2325000000,1917000000,3797000000,0
2014,EA,3/31/2014,1782000000,227000000,2228000000,1,0,129,29000000,0,583000000,3138000000,2390000000,3575000000,0
2015,EA,3/31/2015,2068000000,220000000,3086000000,21,19,134,904000000,602000000,953000000,3720000000,2747000000,4515000000,0
2016,EA,3/31/2016,2493000000,197000000,3042000000,20,26,179,2060000000,161000000,1341000000,4354000000,2418000000,4396000000,0
2013,EBAY,12/31/2013,4494000000,660000000,6765000000,30,35,184,18854000000,9266000000,4531000000,23283000000,12639000000,8257000000,-9396000000
2014,EBAY,12/31/2014,4105000000,682000000,7127000000,28,1,151,18900000000,850000000,3730000000,26531000000,17531000000,8790000000,-14054000000
2015,EBAY,12/31/2015,1832000000,687000000,6821000000,26,20,349,7713000000,0,4299000000,7904000000,2263000000,8592000000,-16203000000
,EBAY,12/31/2016,1816000000,682000000,6972000000,26,81,231,14959000000,1451000000,5333000000,8875000000,3847000000,8979000000,-19205000000
2012,ECL,12/31/2012,1157800000,714500000,5453300000,11,6,125,4020600000,805800000,0,4892000000,3052700000,11838700000,-2075100000
2013,ECL,12/31/2013,339200000,816200000,6092200000,12,7,97,4699000000,861000000,0,4698400000,3488700000,13253400000,-2086600000
2014,ECL,12/31/2014,209600000,872000000,6601400000,14,8,78,5555100000,1704800000,0,4853000000,4367900000,14280500000,-2509500000
2015,ECL,12/31/2015,92800000,859500000,6321600000,12,7,64,6160300000,2205300000,0,4447500000,4764400000,13545100000,-3263500000
2013,ED,12/31/2013,674000000,1045000000,5163000000,18,9,75,0,1949000000,327000000,3891000000,4730000000,12354000000,0
2014,ED,12/31/2014,699000000,1192000000,5112000000,17,8,89,0,1424000000,8000000,3716000000,3757000000,12919000000,0
2015,ED,12/31/2015,944000000,1078000000,5494000000,19,10,74,0,2334000000,0,3836000000,4720000000,12554000000,0
,ED,12/31/2016,776000000,1006000000,5718000000,21,10,80,0,1170000000,0,3406000000,3843000000,12075000000,0
2012,EFX,12/31/2012,146800000,163400000,1313500000,23,13,83,3064600000,283300000,0,538700000,646500000,2073000000,-2139700000
2013,EFX,12/31/2013,235900000,190300000,1516600000,27,15,98,3309200000,296500000,0,648400000,662500000,2303900000,-2101200000
2014,EFX,12/31/2014,128300000,204200000,1591700000,26,15,72,3554800000,380400000,0,590500000,823100000,2436400000,-2351700000
2015,EFX,12/31/2015,93300000,200000000,1776200000,26,16,93,3834400000,49300000,0,561600000,603800000,2663600000,-2529900000
2012,EIX,12/31/2012,170000000,1634000000,4115000000,19,1,62,7146000000,301000000,0,2672000000,3744000000,11862000000,0
2012,EIX,12/31/2013,146000000,1696000000,4217000000,14,8,63,7548000000,962000000,0,3312000000,4881000000,12581000000,0
2014,EIX,12/31/2014,132000000,1815000000,4671000000,18,13,60,8573000000,1991000000,0,3567000000,5479000000,13413000000,0
2015,EIX,12/31/2015,161000000,2005000000,4268000000,17,10,48,8940000000,1208000000,0,2654000000,4927000000,11524000000,0
2013,EL,6/30/2013,1495700000,336900000,8155800000,15,10,165,5364100000,18300000,0,4297200000,1934600000,10181700000,-4215200000
2014,EL,6/30/2014,1629100000,384600000,8810600000,17,11,172,6265800000,18400000,0,4825200000,2056700000,10968800000,-4878900000
2015,EL,6/30/2015,1021400000,409300000,8679800000,15,10,139,7004100000,29800000,503700000,4183600000,2129800000,10780400000,-5856700000
2016,EL,6/30/2016,914100000,414700000,9081200000,14,10,110,7693300000,331500000,469300000,4225100000,2680500000,11262300000,-6743000000
2012,EMN,12/31/2012,249000000,360000000,1762000000,10,5,105,3038000000,4000000,0,2699000000,1364000000,8102000000,-1929000000
2013,EMN,12/31/2013,237000000,433000000,2776000000,20,12,107,4012000000,0,0,2840000000,1470000000,9350000000,-2167000000
2014,EMN,12/31/2014,214000000,450000000,2221000000,12,8,82,4545000000,301000000,0,3173000000,2022000000,9527000000,-2577000000
2015,EMN,12/31/2015,293000000,571000000,2580000000,14,9,68,5146000000,431000000,0,2878000000,2056000000,9648000000,-2680000000
2013,EMR,9/30/2013,3275000000,819000000,9952000000,14,8,119,18930000000,1587000000,0,10999000000,7625000000,24669000000,-8985000000
2014,EMR,9/30/2014,3149000000,569000000,7762000000,19,12,104,19867000000,2465000000,0,10867000000,8454000000,17733000000,-9811000000
2015,EMR,9/30/2015,3054000000,573000000,7008000000,18,17,113,21308000000,2552000000,0,10049000000,7800000000,16249000000,-12257000000
2016,EMR,9/30/2016,3182000000,568000000,6262000000,17,11,109,21716000000,2584000000,0,9960000000,8008000000,14522000000,-12831000000
2012,EOG,12/31/2012,876435000,3169703000,9983208000,13,5,99,10175631000,414196000,0,3589884000,2924058000,11682636000,-33822000
2013,EOG,12/31/2013,1318209000,3600976000,12420225000,25,15,123,12168277000,134121000,0,4072015000,2861716000,14487118000,-15263000
2014,EOG,12/31/2014,2087213000,3997041000,15500951000,29,16,139,14763098000,6579000,0,5416021000,3384308000,18035340000,-70102000
2015,EOG,12/31/2015,718506000,3313644000,6579671000,76,52,110,9870816000,6579000,0,2592244000,1819287000,8757428000,-23406000
2012,EQIX,12/31/2012,252213000,421944000,942759000,21,7,117,-131128000,67366000,166492000,640092000,549072000,1887376000,-36676000
2013,EQIX,12/31/2013,261894000,456339000,1088363000,21,4,163,-36443000,70722000,369808000,888660000,546504000,2152766000,-84663000
2014,EQIX,12/31/2014,613974000,500358000,1245891000,21,11,232,-720377000,80828000,529395000,1490943000,643757000,2443776000,-11411000
2015,EQIX,12/31/2015,2708255000,541630000,1434361000,21,7,197,-1576688000,956478000,12875000,3259280000,1656354000,2725867000,-7373000
2012,EQR,12/31/2012,863032000,712390000,1121995000,29,48,,887355000,66988000,9129000,0,0,1747502000,0
2013,EQR,12/31/2013,157101000,899844000,1553474000,21,77,,2047258000,186592000,42636000,0,0,2387702000,0
2014,EQR,12/31/2014,112383000,775985000,1731184000,35,24,,1950639000,408633000,48085000,0,0,2614748000,0
2015,EQR,12/31/2015,98169000,788661000,1839797000,37,32,,2009091000,464858000,56946000,0,0,2744965000,0
2013,EQT,12/31/2013,845641000,676570000,1504616000,34,21,236,2567980000,40813000,0,1255425000,523410000,1859177000,-447738000
2014,EQT,12/31/2014,1077429000,679298000,1944794000,31,16,229,2917129000,188816000,0,1904323000,833342000,2388768000,-429440000
2015,EQT,12/31/2015,1601232000,819216000,1430957000,9,4,283,2982212000,322434000,0,2251019000,795819000,1954000000,-104079000
,EQT,12/31/2016,1103540000,927920000,1243430000,2,24,227,2509073000,257943000,286396000,1828219000,804640000,1857339000,-91019000
2012,ES,12/31/2012,45748000,740791000,2606353000,18,8,54,1802714000,1883534000,0,2227295000,3643690000,6273787000,-338624000
2013,ES,12/31/2013,43364000,859680000,3303264000,21,11,54,2125980000,1626346000,0,2087049000,3275651000,7301204000,-326537000
2014,ES,12/31/2014,38703000,625361000,3292717000,21,11,75,2448661000,1202408000,0,2692465000,3134381000,7741856000,-300467000
2015,ES,12/31/2015,23947000,688195000,3538633000,22,11,76,2797355000,1389836000,0,2618786000,2989790000,7954827000,-309977000
2012,ESS,12/31/2012,42126000,175371000,362986000,31,23,,-444466000,1253084000,0,0,0,535153000,0
2013,ESS,12/31/2013,53766000,198334000,413254000,31,26,,-474426000,1629444000,0,0,0,610590000,0
,ESS,12/31/2014,95749000,336595000,658392000,21,13,,-650797000,2846372000,0,0,0,970938000,0
2015,ESS,12/31/2015,123055000,421673000,830899000,28,19,,-797329000,3100387000,0,0,0,1194407000,0
2012,ETFC,12/31/2012,3138392000,409000000,1365000000,15,8,,-2107720000,4454661000,0,0,0,1365000000,0
2013,ETFC,12/31/2013,2904000000,395000000,1466000000,13,6,,-2022000000,4543000000,0,0,0,1466000000,0
2014,ETFC,12/31/2014,2338000000,331000000,1665000000,31,18,,-1729000000,4971000000,0,0,0,1665000000,0
2015,ETFC,12/31/2015,3290000000,325000000,1403000000,14,19,,-1461000000,491000000,0,0,0,1403000000,0
2012,ETN,12/31/2012,577000000,598000000,4863000000,9,7,101,5805000000,1071000000,527000000,7900000000,5515000000,16311000000,0
2013,ETN,12/31/2013,915000000,997000000,6677000000,10,8,129,6866000000,580000000,794000000,8731000000,4914000000,22046000000,0
2014,ETN,12/31/2014,781000000,983000000,6906000000,8,8,106,7078000000,1010000000,245000000,8100000000,5355000000,22552000000,0
2015,ETN,12/31/2015,268000000,925000000,6563000000,11,9,93,7346000000,668000000,177000000,6616000000,4625000000,20855000000,0
2012,ETR,12/31/2012,532569000,1771649000,3718452000,13,8,62,9704591000,1518398000,46040000,3683126000,4106321000,10302079000,-5574819000
2013,ETR,12/31/2013,739126000,2012076000,3802062000,12,6,69,9825053000,1506305000,0,3929691000,4060572000,11390947000,-5533942000
2014,ETR,12/31/2014,1422026000,2127892000,4368734000,16,8,85,10169657000,1500290000,0,4389633000,3848891000,12494921000,-5497526000
2015,ETR,12/31/2015,1350961000,2117236000,4063978000,3,1,96,9393913000,711431000,0,4067412000,3089958000,11513251000,-5552379000
2012,EW,12/31/2012,310900000,53700000,1408600000,21,15,291,1653900000,0,210500000,1291900000,347400000,1899600000,-749900000
2013,EW,12/31/2013,420400000,62900000,1528900000,25,19,410,2030800000,0,516500000,1725800000,345600000,2045500000,-1256000000
2014,EW,12/31/2014,653800000,68600000,1697300000,50,35,454,2841900000,0,785000000,2231100000,426100000,2322900000,-1556900000
2015,EW,12/31/2015,718400000,65800000,1876500000,25,20,359,3336800000,0,506300000,2047900000,476200000,2493700000,-1837000000
2013,EXC,12/31/2013,1776000000,3779000000,6894000000,15,7,117,10358000000,2009000000,0,10137000000,7728000000,24888000000,-2327000000
2014,EXC,12/31/2014,2149000000,3868000000,5858000000,11,6,117,10910000000,2496000000,0,11853000000,8762000000,27429000000,-2327000000
2015,EXC,12/31/2015,6707000000,3987000000,8041000000,15,8,151,12068000000,2238000000,0,15334000000,9118000000,29447000000,-2327000000
,EXC,12/31/2016,888000000,5576000000,8672000000,10,4,80,12030000000,3979000000,0,12412000000,13457000000,31360000000,-2327000000
2012,EXPD,12/31/2012,1260842000,39940000,1835370000,9,6,280,2018618000,0,139000,2357599000,842558000,5992215000,0
2013,EXPD,12/31/2013,1247652000,48071000,1882853000,9,6,278,2087376000,0,26337000,2415269000,870200000,6080257000,0
2014,EXPD,12/31/2014,927107000,49292000,1981427000,9,6,233,1903196000,0,40336000,2289250000,983783000,6564721000,0
2015,EXPD,12/31/2015,807796000,46012000,2187777000,11,7,231,1771379000,0,40000,1993370000,861373000,6616632000,0
2013,EXPE,12/31/2013,1047075000,413648000,3733225000,8,5,67,-209218000,0,325510000,2219287000,3294381000,4771259000,-3465675000
2014,EXPE,12/31/2014,1437588000,427601000,4584404000,9,7,70,0,0,355780000,2924489000,4186615000,5763485000,-3998120000
2015,EXPE,12/31/2015,1687623000,671206000,5362758000,6,11,50,507666000,0,33739000,2976261000,5926017000,6672317000,-4054909000
,EXPE,12/31/2016,1815544000,1036619000,7176866000,5,3,56,129034000,0,72313000,3450251000,6127198000,8773564000,-4510655000
2012,EXR,12/31/2012,47761000,80342000,295368000,38,51,,-235064000,85000000,0,0,0,409396000,0
2013,EXR,12/31/2013,148174000,101229000,380601000,41,60,,-226002000,0,0,0,0,520613000,0
2014,EXR,12/31/2014,72908000,121668000,474739000,43,57,,-257738000,138000000,0,0,0,647155000,0
2015,EXR,12/31/2015,106537000,141236000,578305000,38,50,,-337566000,36000000,0,0,0,782270000,0
2013,F,12/31/2013,14468000000,6544000000,23867000000,9,8,634,23386000000,0,22100000000,1.32E+11,19531000000,1.47E+11,-506000000
2014,F,12/31/2014,10757000000,7423000000,12174000000,0,1,619,9422000000,0,20393000000,1.32E+11,20035000000,1.44E+11,-848000000
2015,F,12/31/2015,14272000000,7966000000,18149000000,5,5,114,14414000000,42975000000,20904000000,1.03E+11,82336000000,1.50E+11,-977000000
,F,12/31/2016,15905000000,8717000000,16312000000,3,3,110,15634000000,49669000000,22922000000,1.08E+11,90281000000,1.52E+11,-1122000000
2013,FAST,12/31/2013,58506000,64191000,1719445000,21,13,260,1688781000,0,451000,1408461000,239832000,3326106000,0
2014,FAST,12/31/2014,114496000,72672000,1897402000,21,13,190,1886350000,90000000,0,1583265000,375353000,3733507000,0
2015,FAST,12/31/2015,129019000,86598000,1948934000,21,13,201,1842772000,62050000,0,1664776000,373166000,3869187000,0
,FAST,12/31/2016,112735000,104052000,1964777000,20,13,264,1940143000,10482000,0,1720770000,275644000,3962036000,0
2013,FB,12/31/2013,3323000000,1011000000,5997000000,36,19,1188,3159000000,239000000,8126000000,13070000000,1100000000,7872000000,0
2014,FB,12/31/2014,4315000000,1243000000,10313000000,40,23,940,6099000000,316000000,6884000000,13390000000,1424000000,12466000000,0
2015,FB,12/31/2015,4907000000,1945000000,15061000000,35,20,1125,9787000000,224000000,13527000000,21652000000,1925000000,17928000000,0
,FB,12/31/2016,8903000000,2342000000,23849000000,45,37,1197,21670000000,280000000,20546000000,34401000000,2875000000,27638000000,0
2012,FBHS,12/31/2012,336000000,101300000,1041600000,5,4,138,41000000,28000000,0,1227900000,632400000,3134800000,-16900000
2013,FBHS,12/31/2013,241400000,90400000,1295100000,9,6,122,200800000,6000000,0,1327400000,738700000,3703600000,-79800000
2014,FBHS,12/31/2014,191900000,98800000,1366900000,10,4,120,279500000,26300000,0,1299100000,699600000,4013600000,-532300000
2015,FBHS,12/31/2015,238500000,115700000,1581900000,11,7,114,501600000,800000,0,1418700000,757900000,4579400000,-602100000
2012,FCX,12/31/2012,3705000000,1201000000,6449000000,32,17,171,2399000000,2000000,0,10297000000,3343000000,18010000000,-3576000000
2013,FCX,12/31/2013,1985000000,2961000000,6284000000,26,13,104,2742000000,312000000,0,9972000000,4773000000,20921000000,-3681000000
2014,FCX,12/31/2014,464000000,4063000000,1934000000,0,3,71,128000000,478000000,0,9045000000,5172000000,21438000000,-3695000000
2015,FCX,12/31/2015,224000000,3706000000,-12647000000,84,77,62,-12387000000,649000000,0,7462000000,4307000000,15877000000,-3702000000
2013,FDX,5/31/2013,4917000000,2386000000,27839000000,10,6,188,18519000000,251000000,0,11274000000,5750000000,44287000000,-1000000
2014,FDX,5/31/2014,2908000000,2587000000,28515000000,8,5,174,16229000000,1000000,0,9683000000,5312000000,45567000000,-4133000000
2015,FDX,5/31/2015,3763000000,2611000000,30469000000,4,2,165,16900000000,19000000,0,10335000000,5956000000,47453000000,-4897000000
2016,FDX,5/31/2016,3534000000,2631000000,33038000000,6,4,144,18371000000,29000000,0,11989000000,8008000000,50365000000,-7342000000
2012,FE,12/31/2012,172000000,1327000000,8538000000,14,5,38,2888000000,4094000000,0,3768000000,7605000000,15255000000,0
2013,FE,12/31/2013,218000000,2022000000,8433000000,11,3,43,2590000000,4930000000,0,4013000000,7637000000,14892000000,0
,FE,12/31/2014,85000000,1563000000,8053000000,7,2,46,2285000000,2770000000,0,3358000000,5561000000,15049000000,0
2015,FE,12/31/2015,131000000,1836000000,8853000000,15,4,40,2256000000,2980000000,0,3040000000,5602000000,15026000000,0
2013,FFIV,9/30/2013,189693000,40005000,1228267000,29,19,145,1283621000,0,352450000,816371000,551350000,1481314000,0
2014,FFIV,9/30/2014,281502000,46121000,1422087000,28,18,153,1363141000,0,363877000,998848000,636981000,1732046000,0
2015,FFIV,9/30/2015,390460000,52583000,1587562000,29,19,153,1321857000,0,383882000,1188140000,755123000,1919823000,0
2016,FFIV,9/30/2016,514571000,56776000,1657829000,27,18,149,1185265000,0,367824000,1288801000,844238000,1995034000,0
2012,FIS,12/31/2012,517600000,662200000,1839600000,19,8,147,2105800000,326100000,0,1844200000,1256800000,5795800000,-2695700000
2013,FIS,12/31/2013,547500000,634500000,1970700000,18,9,141,2341900000,647400000,0,2351900000,1672700000,6063400000,-3003000000
2014,FIS,12/31/2014,492800000,646000000,2085500000,20,11,155,2746800000,571500000,0,2473100000,1598900000,6413800000,-3423600000
2015,FIS,12/31/2015,687600000,680300000,2202000000,17,10,149,3072900000,553000000,0,3511400000,2363900000,6595200000,-3686500000
2012,FISV,12/31/2012,358000000,350000000,1872000000,24,14,131,5950000000,2000000,0,1443000000,1105000000,4436000000,-3279000000
2013,FISV,12/31/2013,400000000,403000000,2038000000,22,13,118,6598000000,92000000,0,1572000000,1332000000,4814000000,-3801000000
2014,FISV,12/31/2014,294000000,404000000,2185000000,24,15,97,7352000000,92000000,0,1444000000,1486000000,5066000000,-4895000000
2015,FISV,12/31/2015,275000000,417000000,2345000000,25,14,100,8064000000,5000000,0,1506000000,1502000000,5254000000,-6286000000
2012,FL,2/2/2013,880000000,118000000,2034000000,10,6,188,0,0,48000000,2363000000,636000000,6182000000,0
2013,FL,2/1/2014,858000000,133000000,2133000000,10,7,181,0,3000000,9000000,2350000000,626000000,6505000000,0
2014,FL,1/31/2015,967000000,139000000,2374000000,11,7,173,0,2000000,0,2456000000,696000000,7151000000,0
2015,FL,1/30/2016,1021000000,148000000,2505000000,11,7,189,0,1000000,0,2606000000,700000000,7412000000,0
2012,FLIR,12/31/2012,321739000,59715000,735184000,22,16,325,1418814000,0,0,1165246000,241567000,1405358000,0
2013,FLIR,12/31/2013,542476000,62796000,737010000,16,12,349,1544425000,15000000,0,1309731000,276515000,1496372000,0
2014,FLIR,12/31/2014,531374000,57245000,750373000,17,13,316,1671786000,15000000,0,1300328000,309557000,1530654000,0
2015,FLIR,12/31/2015,472785000,49534000,753561000,20,16,153,1773267000,264694000,0,1287514000,585345000,1557067000,0
2013,FLR,12/31/2013,2283582000,250007000,1365191000,4,2,125,4040664000,29839000,186023000,6003683000,3407160000,27351573000,0
2014,FLR,12/31/2014,1993125000,240826000,1399033000,6,2,125,3593597000,28742000,105131000,5758047000,3330853000,21531577000,0
2015,FLR,12/31/2015,1949886000,250791000,1094696000,4,2,127,3428732000,0,197092000,5105400000,2935352000,18114048000,0
,FLR,12/31/2016,1850436000,265999000,790316000,3,1,107,3582150000,82243000,111037000,5610270000,3816029000,19036525000,0
2013,FLS,12/31/2013,363804000,106392000,1688095000,15,10,115,2985391000,72678000,0,2847382000,1558099000,4954619000,-1600266000
2014,FLS,12/31/2014,450350000,110277000,1714617000,16,11,122,3415738000,53131000,0,2794163000,1471875000,4877885000,-1830919000
2015,FLS,12/31/2015,366444000,127087000,1487318000,12,6,110,3587120000,60434000,0,2475810000,1348576000,4561030000,-2106785000
,FLS,12/31/2016,367162000,116752000,1231554000,7,4,120,3632163000,85365000,0,2331361000,1178141000,3991462000,-2078527000
2012,FMC,12/31/2012,77100000,115900000,1268300000,19,12,136,2536500000,55600000,0,2181900000,1135500000,3409900000,-1147800000
2013,FMC,12/31/2013,123200000,88000000,1200900000,17,9,114,2757300000,697800000,0,2945000000,1986700000,3130700000,-1502500000
2014,FMC,12/31/2014,109500000,93500000,1210900000,13,9,122,2984500000,525200000,0,2934400000,1910400000,3258700000,-1498700000
2015,FMC,12/31/2015,78600000,115700000,1075400000,2,15,149,3385000000,112600000,0,2971900000,1453300000,3276500000,-1498300000
2013,FRT,12/31/2013,88927000,161099000,446959000,40,26,,-623795000,12772000,0,0,0,637413000,0
2014,FRT,12/31/2014,47951000,170814000,474167000,40,24,,-683991000,14115000,0,0,0,686090000,0
2015,FRT,12/31/2015,21046000,174796000,510595000,40,28,,-724701000,15439000,0,0,0,744012000,0
,FRT,12/31/2016,23368000,193585000,547979000,40,31,,-749734000,16285000,0,0,0,801591000,0
2012,FSLR,12/31/2012,901294000,0,852749000,1,3,218,1529733000,62349000,102578000,2832324000,1101374000,3368545000,0
2013,FSLR,12/31/2013,1325072000,234370000,864632000,11,11,214,1882771000,60543000,439102000,3792764000,1588061000,3309616000,0
2014,FSLR,12/31/2014,1482054000,245798000,824941000,12,12,257,2243689000,51399000,509032000,3077654000,1000539000,3391187000,0
2015,FSLR,12/31/2015,1126826000,257825000,919267000,14,15,309,2790110000,38090000,703454000,3345586000,960800000,3578995000,0
2012,FTR,12/31/2012,1341940000,1266807000,5011853000,20,1,134,63205000,560550000,0,2087203000,1553520000,5011853000,-368593000
2013,FTR,12/31/2013,880039000,1182000000,4762000000,21,1,124,76108000,257916000,0,1618839000,1301587000,4762000000,-338150000
2014,FTR,12/31/2014,682000000,1149000000,4772000000,17,3,94,109000000,298000000,0,1415000000,1512000000,4772000000,-294000000
2015,FTR,12/31/2015,9380000000,1511000000,5576000000,13,4,535,-87000000,384000000,0,10131000000,1893000000,5576000000,-278000000
2013,GD,12/31/2013,5301000000,525000000,5728000000,12,8,125,19428000000,1000000,0,18162000000,12259000000,30930000000,-6450000000
2014,GD,12/31/2014,4388000000,496000000,5873000000,13,8,103,21127000000,501000000,0,17407000000,13751000000,30852000000,-9396000000
2015,GD,12/31/2015,2785000000,482000000,6130000000,13,9,90,23204000000,501000000,0,14571000000,12445000000,31469000000,-12392000000
,GD,12/31/2016,2334000000,454000000,6249000000,14,9,93,25227000000,900000000,0,15447000000,12846000000,31353000000,-14156000000
,GGP,12/31/2012,624815000,823443000,1625965000,32,20,,-2732787000,0,0,0,0,2426301000,0
,GGP,12/31/2013,577271000,826855000,1670922000,34,12,,-2915723000,0,0,0,0,2486017000,-566863000
,GGP,12/31/2014,372471000,772807000,1751957000,37,26,,-2822740000,0,0,0,0,2535559000,-1122664000
,GGP,12/31/2015,356895000,702764000,1656630000,38,57,,-2141549000,0,0,0,0,2403906000,-1129401000
2012,GILD,12/31/2012,1803694000,278000000,7231000000,41,27,104,3704744000,1169490000,58556000,6156347000,4237897000,9702000000,0
2013,GILD,12/31/2013,2113000000,345000000,8343000000,40,27,83,6106000000,2697000000,19000000,6997000000,6407000000,11202000000,0
2014,GILD,12/31/2014,10027000000,1050000000,21102000000,61,49,283,12732000000,483000000,101000000,17714000000,5761000000,24890000000,0
2015,GILD,12/31/2015,12851000000,1098000000,28633000000,68,55,231,18001000000,983000000,1756000000,24763000000,9891000000,32639000000,0
2013,GIS,5/26/2013,741400000,588000000,6423900000,16,10,52,10702600000,2043000000,0,4298900000,5293900000,17774100000,-3687200000
2014,GIS,5/25/2014,867300000,585400000,6369800000,17,10,52,11787200000,2362300000,0,4393500000,5423500000,17909600000,-5219400000
2015,GIS,5/31/2015,334200000,588300000,5949200000,12,7,44,11990800000,1616200000,0,3685600000,4890100000,17630300000,-6055600000
2016,GIS,5/29/2016,763700000,608100000,5829500000,16,10,50,12616500000,1373200000,0,3937200000,5014700000,16563100000,-6326600000
2013,GLW,12/31/2013,4704000000,1002000000,3324000000,18,25,436,11320000000,21000000,531000000,8891000000,1746000000,7819000000,-4099000000
2014,GLW,12/31/2014,5309000000,1200000000,4052000000,20,25,384,13021000000,36000000,759000000,10238000000,2324000000,9715000000,-6727000000
2015,GLW,12/31/2015,4500000000,1184000000,3653000000,15,15,245,13832000000,572000000,100000000,8269000000,2814000000,9111000000,-9725000000
,GLW,12/31/2016,5291000000,1195000000,3746000000,15,39,275,16880000000,256000000,0,9048000000,2751000000,9390000000,-14152000000
2013,GM,12/31/2013,21268000000,8155000000,18054000000,3,3,108,13816000000,14158000000,8972000000,81501000000,62412000000,1.55E+11,0
2014,GM,12/31/2014,20292000000,7238000000,13808000000,1,3,107,14577000000,14944000000,9222000000,83626000000,65657000000,1.56E+11,0
2015,GM,12/31/2015,15238000000,8017000000,18302000000,3,6,78,20285000000,19562000000,8163000000,69408000000,71217000000,1.52E+11,0
,GM,12/31/2016,12960000000,10408000000,21255000000,6,6,73,26168000000,29028000000,11841000000,76203000000,85181000000,1.66E+11,0
2012,GPC,12/31/2012,403095000,98383000,3778091000,8,5,89,3344538000,250000000,0,4820131000,2487638000,13013868000,0
2013,GPC,12/31/2013,196893000,133957000,4219920000,7,5,71,3578021000,264658000,0,5221491000,3183044000,14077843000,0
2014,GPC,12/31/2014,137730000,148313000,4593761000,7,5,71,3841932000,265466000,0,5592525000,3584115000,15341647000,0
2015,GPC,12/31/2015,211631000,141675000,4555852000,7,5,65,3885751000,375000000,0,5555316000,3940654000,15280044000,0
2013,GPN,5/31/2013,680470000,111788000,1513848000,15,9,171,958751000,259796000,0,1214492000,704114000,2375923000,0
2014,GPN,5/31/2014,581872000,122069000,1602011000,16,10,135,815980000,457805000,0,1643444000,1211618000,2554236000,0
2015,GPN,5/31/2015,650739000,137505000,1751611000,16,10,109,795226000,654413000,0,3289915000,3015188000,2773718000,0
2016,GPN,5/31/2016,1044728000,187881000,1750511000,15,9,117,1015811000,513978000,0,2851313000,2430707000,2898150000,0
2012,GPS,2/2/2013,1460000000,483000000,6171000000,12,7,101,13259000000,0,50000000,4132000000,2344000000,15651000000,-13465000000
2013,GPS,2/1/2014,1510000000,470000000,6293000000,13,8,102,14218000000,25000000,0,4430000000,2445000000,16148000000,-14245000000
2014,GPS,1/31/2015,1515000000,500000000,6289000000,13,8,109,2797000000,21000000,0,4317000000,2234000000,16435000000,0
2015,GPS,1/30/2016,1370000000,527000000,5720000000,10,6,83,2440000000,421000000,0,3985000000,2535000000,15797000000,0
2012,GRMN,12/29/2012,1231180000,90467000,1438480000,22,20,236,1604625000,0,153083000,2536120000,909026000,2715675000,-81280000
2013,GRMN,12/28/2013,1179149000,78804000,1407300000,22,23,244,1865587000,0,149862000,2595636000,905304000,2631851000,-120620000
2014,GRMN,12/27/2014,1196268000,77015000,1604412000,24,13,202,1859972000,0,167989000,2510976000,1033261000,2870658000,-330132000
2015,GRMN,12/26/2015,833070000,78360000,1538704000,19,16,198,1930517000,0,215161000,2211087000,865998000,2820270000,-414637000
2013,GT,12/31/2013,2996000000,740000000,4118000000,7,3,116,1958000000,87000000,0,8644000000,5025000000,19540000000,0
2014,GT,12/31/2014,2161000000,746000000,4232000000,8,14,95,4331000000,178000000,0,7159000000,4730000000,18138000000,0
2015,GT,12/31/2015,1476000000,721000000,4279000000,9,2,74,4570000000,634000000,0,6126000000,4955000000,16443000000,0
,GT,12/31/2016,1132000000,756000000,4186000000,10,8,64,5808000000,681000000,0,5718000000,4817000000,15158000000,0
2012,GWW,12/31/2012,452063000,159049000,3916160000,13,8,148,5278577000,97596000,0,2900640000,1080003000,8950045000,-3175646000
2013,GWW,12/31/2013,430644000,180613000,4136483000,14,8,145,5822612000,97286000,0,3044285000,1195790000,9437758000,-3548973000
2014,GWW,12/31/2014,226644000,208326000,4314242000,14,8,128,6335990000,80300000,0,2967549000,1261716000,9964953000,-4032615000
2015,GWW,12/31/2015,290136000,227967000,4231428000,13,8,91,6802130000,600418000,0,3048642000,1788534000,9973384000,-5369711000
2013,HAL,12/31/2013,2356000000,1900000000,4471000000,11,7,207,18842000000,0,0,13704000000,5026000000,29402000000,-8049000000
2014,HAL,12/31/2014,2291000000,2126000000,5536000000,16,11,189,21809000000,14000000,0,14647000000,5866000000,32870000000,-8131000000
2015,HAL,12/31/2015,10077000000,1835000000,2520000000,1,3,320,20524000000,659000000,0,20070000000,5337000000,23633000000,-7650000000
,HAL,12/31/2016,4009000000,1503000000,864000000,43,36,234,14141000000,163000000,0,11677000000,4023000000,15887000000,-7153000000
2013,HAR,6/30/2013,454258000,128168000,1104120000,5,3,143,1827267000,34930000,10008000,2089052000,1077514000,4297842000,-1176914000
2014,HAR,6/30/2014,581312000,132328000,1456667000,6,4,121,1979234000,39361000,0,2458871000,1485652000,5348483000,-1267693000
2015,HAR,6/30/2015,649513000,169231000,1817104000,8,6,103,2229517000,5571000,0,2828592000,2070967000,6155297000,-1232602000
2016,HAR,6/30/2016,602300000,224010000,2093091000,8,5,121,2490570000,86641000,0,2918455000,1831806000,6911676000,-1372633000
,HAS,12/31/2012,849701000,192087000,2417003000,13,8,228,3354545000,224365000,0,2508202000,960435000,4088983000,-2535649000
2013,HAS,12/29/2013,682449000,228675000,2409256000,11,7,156,3432176000,436722000,0,2480457000,1363280000,4082157000,-2554726000
2014,HAS,12/28/2014,893167000,205052000,2578835000,15,10,215,3630072000,252481000,0,2643505000,1071684000,4277207000,-2980066000
2015,HAS,12/27/2015,976750000,197776000,2770476000,16,10,233,3852321000,164563000,0,2865598000,1064647000,4447509000,-3040895000
2012,HBAN,12/31/2012,10734983000,274572000,0,0,21,,-1917933000,1598773000,0,0,0,3036584000,-10921000
2013,HBAN,12/31/2013,12239168000,281545000,0,0,22,,-1479324000,2352143000,0,0,0,2872833000,-9643000
2014,HBAN,12/31/2014,14091890000,332832000,0,0,21,,-1052324000,2397101000,0,0,0,2955641000,-13382000
2015,HBAN,12/31/2015,15871022000,341281000,0,0,22,,-594067000,615279000,0,0,0,3153251000,-17932000
2013,HBI,12/28/2013,115863000,97811000,1611693000,11,7,96,1181418000,36192000,0,2243666000,999278000,4627802000,0
2014,HBI,1/3/2015,239855000,104213000,1904407000,11,8,68,1464427000,158792000,0,2550167000,1482414000,5324746000,0
2015,HBI,1/2/2016,319169000,110980000,2136332000,10,7,73,1389338000,175441000,0,2917867000,1503909000,5731549000,0
,HBI,12/31/2016,460245000,112209000,2276048000,13,9,91,1396116000,190239000,0,3298420000,1602922000,6028199000,0
2012,HCA,12/31/2012,705000000,1741000000,27296000000,15,5,108,-10960000000,1435000000,0,7763000000,6172000000,33013000000,0
2013,HCA,12/31/2013,414000000,1808000000,28212000000,14,5,120,-9403000000,786000000,0,8037000000,5695000000,34182000000,0
2014,HCA,12/31/2014,566000000,1862000000,30656000000,15,5,140,-7575000000,338000000,0,8930000000,5480000000,36918000000,0
2015,HCA,12/31/2015,741000000,1939000000,33040000000,15,5,141,-7338000000,233000000,0,9232000000,5516000000,39678000000,0
2012,HCN,12/31/2012,1141421000,548935000,1197990000,30,17,,-3694579000,0,0,0,0,1765979000,-17875000
2013,HCN,12/31/2013,231601000,882517000,1641132000,19,5,,-4600854000,0,0,0,0,2847945000,-21263000
2014,HCN,12/31/2014,553423000,851840000,1902521000,26,15,,-5635923000,0,0,0,0,3305879000,-35241000
2015,HCN,12/31/2015,422690000,835249000,2153428000,28,22,,-6846056000,0,0,0,0,3775685000,-44372000
2013,HCP,12/31/2013,337785000,481049000,2013719000,59,48,,0,0,0,0,0,2013719000,0
2014,HCP,12/31/2014,232786000,500191000,1563210000,40,59,,0,838516000,0,0,0,1563210000,0
2015,HCP,12/31/2015,386532000,555839000,1828305000,26,31,,0,397432000,0,0,0,1828305000,0
,HCP,12/31/2016,136990000,614699000,2040486000,30,31,,0,899718000,0,0,0,2040486000,0
2012,HD,2/3/2013,2494000000,1684000000,25842000000,10,6,41,20038000000,1321000000,0,15372000000,11462000000,74754000000,-10694000000
2013,HD,2/2/2014,1929000000,1757000000,26915000000,12,7,39,23180000000,33000000,0,15279000000,10749000000,78812000000,-19194000000
2014,HD,2/1/2015,1723000000,1786000000,28389000000,13,8,37,26995000000,328000000,0,15302000000,11269000000,83176000000,-26194000000
2015,HD,1/31/2016,2216000000,1863000000,30265000000,13,8,41,30973000000,427000000,0,16993000000,12526000000,88519000000,-33194000000
2012,HES,12/31/2012,642000000,2866000000,8710000000,25,17,85,17717000000,787000000,0,8387000000,8382000000,12245000000,0
2013,HES,12/31/2013,1814000000,2687000000,7936000000,24,42,117,21235000000,378000000,0,8599000000,6558000000,11905000000,0
2014,HES,12/31/2014,2444000000,3224000000,6984000000,19,22,119,20052000000,68000000,0,6313000000,4851000000,10737000000,0
2015,HES,12/31/2015,2716000000,3955000000,3313000000,58,46,152,16637000000,86000000,0,4404000000,2628000000,6636000000,0
2012,HIG,12/31/2012,2421000000,2455000000,8891000000,0,0,,10745000000,320000000,4581000000,0,0,22086000000,-1740000000
2013,HIG,12/31/2013,1428000000,2890000000,9625000000,7,1,,10683000000,438000000,4008000000,0,0,20673000000,-1598000000
2014,HIG,12/31/2014,399000000,2005000000,7809000000,9,4,,11191000000,456000000,4883000000,0,0,18614000000,-2527000000
2015,HIG,12/31/2015,448000000,1875000000,7602000000,11,9,,12550000000,275000000,1843000000,0,0,18377000000,-3557000000
2012,HOG,12/31/2012,1256146000,0,2139883000,18,11,243,7306424000,732105000,135634000,4050936000,1503082000,5580506000,-5210604000
2013,HOG,12/31/2013,1211419000,0,2278455000,20,12,142,7852729000,1842457000,99009000,3988803000,2509586000,5899872000,-5689051000
2014,HOG,12/31/2014,1005307000,0,2440485000,21,14,146,8459040000,1743101000,57325000,3948095000,2389286000,6228508000,-6303510000
2015,HOG,12/31/2015,810476000,0,2375790000,19,13,123,8961985000,2045000000,45192000,3983154000,2752578000,5995402000,-7839136000
2013,HOLX,9/28/2013,829400000,516000000,1161400000,36,47,123,-3616400000,563800000,0,1624200000,1088400000,2492300000,-1500000
2014,HOLX,9/27/2014,741600000,523200000,1245500000,11,1,199,-3600600000,114500000,0,1565800000,619600000,2530700000,0
2015,HOLX,9/26/2015,492700000,491400000,1432700000,17,5,104,-3469000000,391200000,0,1265800000,943400000,2705000000,0
2016,HOLX,9/24/2016,548400000,465400000,1563300000,19,12,117,-3138200000,296000000,0,1326600000,901900000,2832700000,-250000000
2013,HON,12/31/2013,6422000000,989000000,10691000000,14,10,119,20383000000,2028000000,1671000000,21164000000,14181000000,39055000000,-9374000000
2014,HON,12/31/2014,6959000000,924000000,11349000000,14,11,120,23115000000,2637000000,2145000000,22191000000,14773000000,40306000000,-9995000000
2015,HON,12/31/2015,5455000000,883000000,11834000000,18,12,85,26147000000,6514000000,2103000000,20053000000,18371000000,38581000000,-11664000000
,HON,12/31/2016,7843000000,1030000000,12152000000,17,12,114,28710000000,3593000000,2031000000,23058000000,16331000000,39302000000,-13366000000
2013,HP,9/30/2013,447868000,456032000,1534846000,28,22,259,4102663000,115000000,0,1258211000,452273000,3387614000,-91098000
2014,HP,9/30/2014,360909000,524384000,1709253000,28,19,231,4525797000,39635000,0,1277001000,507161000,3715968000,-112969000
2015,HP,9/30/2015,729384000,608788000,1458226000,21,13,376,4648346000,39094000,45543000,1439194000,348197000,3161702000,-182363000
2016,HP,9/30/2016,905561000,599755000,725427000,2,3,439,4289807000,0,44148000,1572686000,330120000,1624232000,-188270000
,HPE,10/31/2014,2319000000,4144000000,15637000000,4,3,102,0,894000000,0,22031000000,19760000000,55123000000,0
,HPE,10/31/2015,9842000000,3947000000,14939000000,3,5,126,0,691000000,0,29964000000,21993000000,52107000000,0
2016,HPE,10/31/2016,12987000000,3775000000,14616000000,8,6,120,2782000000,3532000000,0,28917000000,22531000000,50123000000,0
2013,HPQ,10/31/2013,12163000000,4611000000,25918000000,6,5,97,25563000000,5979000000,0,50364000000,45521000000,1.12E+11,0
2014,HPQ,10/31/2014,15133000000,4334000000,11220000000,8,9,100,29164000000,3486000000,0,50145000000,43735000000,56651000000,0
,HPQ,10/31/2015,7584000000,4061000000,9939000000,8,9,113,32089000000,2194000000,0,51787000000,42191000000,51463000000,0
2016,HPQ,10/31/2016,6288000000,332000000,8998000000,7,5,74,-3498000000,78000000,0,18468000000,18808000000,48238000000,0
2013,HRB,4/30/2013,1865421000,92407000,1683341000,24,15,122,1333445000,722000,0,2462343000,2012205000,2807114000,-836097000
2014,HRB,4/30/2014,2300626000,115604000,1844890000,27,16,135,1589297000,400637000,423495000,3114006000,2313116000,3024295000,-807745000
2015,HRB,4/30/2015,2099162000,159804000,1847554000,26,15,157,1836442000,790000,439625000,2951301000,1878289000,3078658000,-792192000
2016,HRB,4/30/2016,1000911000,173598000,1787833000,21,12,118,40347000,826000,1133000,1222298000,1039605000,3038153000,-766843000
2013,HRL,10/27/2013,434014000,124850000,1412816000,9,6,138,3452529000,0,0,2047413000,784009000,8751654000,0
2014,HRL,10/26/2014,334174000,130044000,1564983000,10,6,113,3805654000,0,0,2132771000,954692000,9316256000,0
,HRL,10/31/2015,347239000,133434000,1808581000,12,7,88,4216125000,185000000,0,2063032000,1214025000,9263863000,0
2016,HRL,10/30/2016,415143000,131968000,2158175000,14,9,99,4736567000,0,0,2029912000,1053196000,9523224000,0
2013,HRS,6/28/2013,321000000,221000000,1727000000,16,2,99,1079900000,158000000,0,1948100000,1297400000,5112000000,0
2014,HRS,6/27/2014,561000000,204000000,1702000000,18,11,123,1226000000,60000000,0,1991000000,1115000000,5012000000,0
2015,HRS,7/3/2015,481000000,244000000,1735000000,14,7,95,1258000000,163000000,0,3183000000,2274000000,5083000000,0
2016,HRS,7/1/2016,487000000,361000000,2335000000,10,4,84,1330000000,397000000,0,2608000000,1964000000,7467000000,0
2012,HSIC,12/29/2012,122080000,125322000,2507513000,7,4,102,2183905000,45158000,0,2704377000,1472709000,8939967000,0
2013,HSIC,12/28/2013,188616000,134238000,2656014000,7,5,102,2398267000,34949000,0,2834665000,1550663000,9560647000,0
2014,HSIC,12/27/2014,89474000,152238000,2911315000,7,4,89,2642523000,188714000,0,2913166000,1780111000,10371390000,0
2015,HSIC,12/26/2015,72086000,159127000,3012259000,7,5,80,2895997000,345962000,0,3231100000,2146997000,10629719000,0
2012,HST,12/31/2012,453000000,767000000,3174000000,7,1,80,-1234000000,0,0,453000000,566000000,5059000000,0
2013,HST,12/31/2013,893000000,732000000,3177000000,10,6,148,-1263000000,0,0,893000000,603000000,5166000000,0
2014,HST,12/31/2014,684000000,725000000,3321000000,13,14,110,-1098000000,0,0,684000000,622000000,5354000000,0
2015,HST,12/31/2015,254000000,737000000,3375000000,12,10,47,-1139000000,0,0,254000000,542000000,5387000000,0
2012,HSY,12/31/2012,728272000,210037000,2859882000,17,10,101,5027617000,375898000,0,2113485000,1471110000,6644252000,-4558668000
2013,HSY,12/31/2013,1118508000,201033000,3280848000,19,11,130,5454286000,166875000,0,2487334000,1408022000,7146079000,-4707730000
2014,HSY,12/31/2014,374854000,211532000,3336166000,19,11,75,5860784000,635501000,97131000,2247047000,1935647000,7421768000,-5161236000
2015,HSY,12/31/2015,346529000,244928000,3382675000,14,7,49,5897603000,863436000,0,1848598000,2217912000,7386626000,-5672359000
2013,HUM,12/31/2013,1138000000,426000000,8749000000,5,3,,8942000000,0,0,0,0,41313000000,-2084000000
2014,HUM,12/31/2014,1935000000,449000000,10334000000,5,2,,9916000000,0,0,0,0,48500000000,-2856000000
2015,HUM,12/31/2015,2571000000,447000000,10020000000,4,2,,11017000000,299000000,0,0,0,54289000000,-3292000000
,HUM,12/31/2016,3877000000,465000000,9372000000,3,1,,11454000000,300000000,0,0,0,54379000000,-3298000000
2012,IBM,12/31/2012,10412000000,4676000000,50361000000,22,16,108,1.18E+11,9181000000,717000000,49433000000,43625000000,1.03E+11,-1.23E+11
2013,IBM,12/31/2013,10716000000,4678000000,48684000000,21,17,122,1.30E+11,6862000000,350000000,51350000000,40154000000,98367000000,-1.37E+11
2014,IBM,12/31/2014,8476000000,4492000000,46407000000,20,13,114,1.38E+11,5731000000,0,47377000000,39581000000,92793000000,-1.51E+11
2015,IBM,12/31/2015,7686000000,3855000000,40684000000,19,16,120,1.46E+11,6461000000,508000000,42504000000,34269000000,81741000000,-1.56E+11
2012,IDXX,12/31/2012,223986000,52408000,699148000,20,14,105,1305593000,213107000,0,569537000,406333000,1293338000,-1457184000
2013,IDXX,12/31/2013,279058000,54596000,756118000,19,14,109,1493393000,278035000,0,652706000,478353000,1377058000,-1829378000
2014,IDXX,12/31/2014,322536000,58888000,816116000,18,12,73,1675299000,549000000,0,759398000,820906000,1485807000,-2453266000
2015,IDXX,12/31/2015,128994000,70388000,890270000,19,12,74,318356000,573000000,213591000,821634000,856761000,1601892000,-1316417000
2012,IFF,12/31/2012,324422000,76667000,1175534000,17,9,164,2841166000,0,0,1572687000,629878000,2821446000,-1330707000
2013,IFF,12/31/2013,405505000,83227000,1284205000,17,12,200,3075657000,0,0,1652903000,560366000,2952896000,-1365805000
2014,IFF,12/31/2014,478573000,89354000,1362150000,19,13,220,3350734000,0,0,1710027000,518808000,3088533000,-1446221000
2015,IFF,12/31/2015,181988000,89597000,1351599000,19,14,117,3604254000,0,0,1455884000,742128000,3023189000,-1555769000
2013,ILMN,12/29/2013,711637000,134162000,911887000,9,9,454,207855000,29288000,453966000,1617535000,322063000,1421178000,-1240345000
2014,ILMN,12/28/2014,636154000,150643000,1297710000,28,19,235,561206000,304256000,702217000,1889603000,722158000,1861358000,-1272073000
2015,ILMN,1/3/2016,768770000,164936000,1549290000,28,21,299,1022765000,74929000,617450000,2096823000,610494000,2219762000,-1673608000
,ILMN,1/1/2017,734516000,170647000,1666448000,24,19,286,1485414000,1250000,824208000,2318091000,704665000,2398373000,-2022429000
2013,INTC,12/28/2013,5674000000,8032000000,31521000000,23,18,206,35477000000,281000000,14413000000,32084000000,13568000000,52708000000,0
2014,INTC,12/27/2014,2561000000,8549000000,35609000000,27,21,147,33418000000,1596000000,11493000000,27730000000,16011000000,55870000000,0
2015,INTC,12/26/2015,15308000000,8711000000,34679000000,25,21,212,37614000000,2634000000,10005000000,38320000000,15646000000,55355000000,0
,INTC,12/31/2016,5560000000,7790000000,36191000000,22,17,148,40747000000,4634000000,11539000000,35508000000,20302000000,59387000000,0
2013,INTU,7/31/2013,1009000000,232000000,3419000000,31,22,187,5262000000,0,652000000,2396000000,1280000000,3946000000,-4952000000
2014,INTU,7/31/2014,849000000,197000000,3640000000,31,21,184,5949000000,0,1065000000,2621000000,1421000000,4243000000,-6430000000
2015,INTU,7/31/2015,808000000,231000000,3497000000,18,9,147,6027000000,0,889000000,2560000000,1744000000,4192000000,-7675000000
2016,INTU,7/31/2016,638000000,238000000,3964000000,26,21,72,6687000000,512000000,442000000,1614000000,2251000000,4694000000,-9939000000
2012,IP,12/31/2012,1302000000,1486000000,6565000000,8,4,124,3662000000,444000000,0,8905000000,4998000000,21852000000,0
2013,IP,12/31/2013,1802000000,1547000000,7201000000,8,6,121,4446000000,661000000,0,9025000000,5127000000,23483000000,-492000000
2014,IP,12/31/2014,1881000000,1414000000,7363000000,6,2,113,4409000000,742000000,0,7959000000,4909000000,23617000000,-1342000000
2015,IP,12/31/2015,1050000000,1294000000,6897000000,9,4,108,4649000000,426000000,0,6477000000,3924000000,22365000000,-1749000000
2012,IPG,12/31/2012,2574800000,194000000,6956200000,10,6,113,738300000,388700000,16000000,8738300000,7701700000,6956200000,-765400000
2013,IPG,12/31/2013,1636800000,209100000,7122300000,8,4,99,864500000,532700000,5300000,8084000000,8165300000,7122300000,-1266300000
2014,IPG,12/31/2014,1660600000,222400000,7537100000,10,6,105,1183300000,109300000,6600000,7810200000,7463300000,7537100000,-19000000
1215,IPG,12/31/2015,1502900000,233100000,7613800000,11,6,101,1437600000,152000000,6800000,7693100000,7584300000,7613800000,-71000000
2012,IRM,12/31/2012,277027000,323292000,1726842000,18,6,113,185558000,92887000,0,1024092000,904953000,3003955000,0
2013,IRM,12/31/2013,154386000,329295000,1735745000,16,3,96,67820000,52583000,0,933607000,969101000,3024623000,0
2014,IRM,12/31/2014,159793000,361152000,1773057000,18,10,107,-659553000,52095000,0,917719000,856736000,3117693000,0
2015,IRM,12/31/2015,128381000,354713000,1717951000,17,4,102,-942218000,88068000,0,857912000,841831000,3007976000,0
2013,ISRG,12/31/2013,782100000,67300000,1594200000,38,30,460,979400000,0,621400000,1932400000,380900000,2265100000,0
2014,ISRG,12/31/2014,600300000,74400000,1413800000,26,20,325,487700000,0,632200000,1811900000,501200000,2131700000,0
2015,ISRG,12/31/2015,714600000,89500000,1577900000,31,25,412,899200000,0,845200000,2195500000,491900000,2384400000,0
,ISRG,12/31/2016,1036600000,92100000,1890100000,35,27,514,1574900000,0,1518000000,3250400000,596500000,2704400000,0
2013,ITW,12/31/2013,3618000000,613000000,5581000000,18,12,142,14943000000,3551000000,0,9816000000,6034000000,14135000000,-6676000000
2014,ITW,12/31/2014,3990000000,507000000,5811000000,20,20,190,17173000000,1476000000,0,7864000000,3525000000,14484000000,-10798000000
2015,ITW,12/31/2015,3090000000,477000000,5517000000,21,14,238,18316000000,526000000,0,6720000000,2368000000,13405000000,-12729000000
,ITW,12/31/2016,2472000000,470000000,5703000000,23,15,183,19505000000,652000000,0,6123000000,2760000000,13599000000,-14638000000
2012,IVZ,12/31/2012,1123300000,95000000,4050400000,21,14,127,2801300000,5605500000,5161300000,8806900000,6946000000,4050400000,-1382900000
2013,IVZ,12/31/2013,1914800000,88400000,4644600000,24,20,127,3361900000,6479700000,5574400000,10606600000,8381000000,4644600000,-1700400000
2014,IVZ,12/31/2014,1918200000,89400000,5147100000,25,19,131,3926000000,7577600000,6648200000,12141800000,9283100000,5147100000,-1898100000
2015,IVZ,12/31/2015,2214700000,93600000,5122900000,27,19,123,4439600000,12050400000,7035200000,17009600000,13848500000,5122900000,-2404100000
2012,JBHT,12/31/2012,5589000,229166000,1824123000,10,6,106,1985213000,100000000,0,554532000,502760000,5054980000,-1402097000
2013,JBHT,12/31/2013,5831000,253380000,2013770000,10,6,92,2274784000,250000000,0,680203000,712296000,5584571000,-1490598000
2014,JBHT,12/31/2014,5961000,294496000,2267038000,10,6,108,2555972000,250000000,0,861499000,771070000,6165441000,-1600761000
2015,JBHT,12/31/2015,5566000,339613000,2522068000,12,7,157,2885843000,0,0,859367000,532417000,6187646000,-1855890000
2013,JEC,9/27/2013,1256405000,28985000,1842319000,6,4,214,3300961000,22783000,0,4039558000,1887619000,11818376000,0
2014,JEC,9/26/2014,732647000,46820000,2073784000,4,3,166,3527193000,36732000,0,3892071000,2349846000,12695157000,0
2015,JEC,10/2/2015,460859000,49368000,1968338000,4,3,158,3496212000,13364000,0,3122678000,1981166000,12114832000,0
2016,JEC,9/30/2016,655716000,47608000,1767831000,3,2,161,3586647000,2421000,0,2864470000,1782686000,10964157000,0
2012,JNPR,12/31/2012,2407800000,187900000,2708800000,7,4,253,-2911400000,0,441500000,3600700000,1422000000,4365400000,0
2013,JNPR,12/31/2013,2284000000,189900000,2941400000,12,9,257,-2631300000,0,561900000,3703900000,1441400000,4669100000,0
2014,JNPR,12/31/2014,1639600000,186100000,2858200000,9,7,186,-3861100000,0,332200000,2810600000,1513400000,4627100000,0
2015,JNPR,12/31/2015,1420900000,176500000,3078600000,19,13,162,-3741200000,299900000,527100000,2912400000,1801900000,4857800000,0
2012,JPM,12/31/2012,4.72E+11,5147000000,93646000000,31,23,,1.04E+11,3.22E+11,0,0,0,93646000000,-12002000000
2013,JPM,12/31/2013,6.04E+11,5306000000,97142000000,27,18,,1.16E+11,2.67E+11,0,0,0,97142000000,-14847000000
2014,JPM,12/31/2014,7.28E+11,4759000000,91973000000,33,24,,1.30E+11,2.89E+11,0,0,0,91973000000,-17856000000
2015,JPM,12/31/2015,5.73E+11,4940000000,89716000000,34,27,,1.46E+11,1.89E+11,0,0,0,89716000000,-21691000000
2012,JWN,2/2/2013,1285000000,366000000,4702000000,11,6,167,315000000,7000000,0,5081000000,2226000000,12134000000,0
2013,JWN,2/1/2014,1194000000,396000000,4803000000,11,6,145,292000000,7000000,0,5228000000,2541000000,12540000000,0
2014,JWN,1/31/2015,827000000,432000000,5100000000,10,5,125,166000000,8000000,0,5224000000,2800000000,13506000000,0
2015,JWN,1/30/2016,595000000,497000000,5269000000,8,4,37,-1610000000,10000000,0,3014000000,2911000000,14437000000,0
2012,K,12/29/2012,281000000,448000000,5434000000,11,7,45,5615000000,1820000000,0,3380000000,4523000000,14197000000,-2943000000
2013,K,12/28/2013,273000000,532000000,6103000000,19,12,53,6749000000,1028000000,0,3267000000,3835000000,14792000000,-2999000000
2014,K,1/3/2015,443000000,503000000,5063000000,7,4,47,6689000000,1435000000,0,3340000000,4364000000,14580000000,-3470000000
2015,K,1/2/2016,251000000,534000000,4681000000,8,5,35,6597000000,2470000000,0,3236000000,5739000000,13525000000,-3943000000
,KEY,9/30/2013,553437000,12784000,214130000,2,3,,-605640000,0,0,0,0,1287577000,0
,KEY,9/30/2014,387095000,13279000,263459000,4,2,,-571257000,0,0,0,0,1463767000,0
,KEY,9/30/2015,290484000,13338000,272444000,3,21,,-227163000,0,0,0,0,1627413000,0
,KEY,9/30/2016,243276000,13794000,297207000,3,0,,-222470000,0,0,0,0,1822114000,0
2012,KIM,12/31/2012,141875000,262742000,586399000,29,34,,-824008000,0,0,0,0,793373000,0
2013,KIM,12/31/2013,148768000,257855000,640029000,29,27,,-996058000,0,0,0,0,861527000,0
2014,KIM,12/31/2014,187322000,273093000,735280000,31,43,,-1006578000,0,0,0,0,993897000,0
2015,KIM,12/31/2015,189534000,344527000,862292000,29,77,,-572335000,0,0,0,0,1166769000,0
2013,KLAC,6/30/2013,985390000,87534000,1605329000,26,19,431,2359233000,0,1933491000,4351503000,861532000,2842781000,0
2014,KLAC,6/30/2014,630861000,83072000,1696446000,26,20,439,2479113000,0,2521776000,4586095000,895611000,2929408000,0
2015,KLAC,6/30/2015,838025000,80536000,1598820000,24,13,328,-12362000,16981000,1549086000,3904576000,1001763000,2814049000,0
2016,KLAC,6/30/2016,1108488000,66932000,1821102000,32,24,316,284825000,0,1382806000,3868032000,1002423000,2984493000,0
2013,KMB,12/31/2013,1054000000,863000000,6609000000,15,11,74,9714000000,375000000,0,6550000000,5848000000,19561000000,-3746000000
2014,KMB,12/31/2014,789000000,862000000,6683000000,13,8,59,8470000000,1326000000,0,5559000000,6226000000,19724000000,-5597000000
2015,KMB,12/31/2015,619000000,746000000,6624000000,9,5,55,4994000000,1669000000,0,5426000000,6349000000,18591000000,-2972000000
,KMB,12/31/2016,923000000,705000000,6651000000,18,12,59,5831000000,1133000000,0,5115000000,5846000000,18202000000,-3629000000
2013,KMI,12/31/2013,598000000,1845000000,6705000000,28,8,57,-1372000000,2306000000,0,3868000000,6075000000,14070000000,0
2014,KMI,12/31/2014,315000000,2085000000,7791000000,27,6,52,-2106000000,2717000000,0,3752000000,6362000000,16226000000,0
2015,KMI,12/31/2015,289000000,2360000000,7951000000,17,2,59,-6103000000,821000000,0,2824000000,4065000000,14403000000,0
,KMI,12/31/2016,787000000,2268000000,7257000000,27,5,48,-6669000000,2696000000,0,3229000000,5924000000,13058000000,0
2013,KMX,2/28/2013,673651000,95283000,1464362000,7,4,116,1993772000,199409000,0,2310131000,684173000,10962818000,0
2014,KMX,2/28/2014,887200000,101911000,1648701000,7,4,114,2214216000,242979000,0,2643224000,875497000,12574299000,0
2015,KMX,2/28/2015,321728000,115173000,1887527000,7,4,51,1994221000,290502000,0,2590938000,997173000,14268716000,0
2016,KMX,2/29/2016,381223000,137360000,2018760000,7,4,54,1746804000,315509000,0,2471781000,1005193000,15149675000,0
2012,KO,12/31/2012,8442000000,1982000000,28964000000,22,19,97,58045000000,17874000000,8109000000,30328000000,27821000000,48017000000,-35009000000
2013,KO,12/31/2013,10414000000,1977000000,28433000000,22,18,101,61660000000,17925000000,9854000000,31304000000,27811000000,46854000000,-39091000000
2014,KO,12/31/2014,8958000000,1976000000,28109000000,21,15,92,63408000000,22682000000,12717000000,32986000000,32374000000,45998000000,-42225000000
2015,KO,12/31/2015,7309000000,1970000000,26812000000,20,17,113,65018000000,15806000000,12591000000,33395000000,26930000000,44294000000,-45066000000
2013,KORS,3/30/2013,472511000,58239000,1306566000,29,18,440,626253000,0,0,989189000,164248000,2181732000,0
2013,KORS,3/29/2014,971194000,86700000,2016100000,30,20,438,1287738000,0,0,1777169000,308370000,3310800000,-2447000
2015,KORS,3/28/2015,978900000,144200000,2647700000,29,20,450,2168800000,0,0,1989700000,326300000,4371500000,-497700000
2016,KORS,4/2/2016,702000000,186700000,2797200000,25,18,258,3007800000,0,0,1669800000,435500000,4712100000,-1650100000
2012,KR,2/2/2013,238000000,1652000000,19893000000,3,2,25,9787000000,2734000000,0,7959000000,11061000000,96619000000,-9237000000
2013,KR,2/1/2014,401000000,1703000000,20237000000,3,2,30,10981000000,1657000000,0,8830000000,10705000000,98375000000,-9641000000
2014,KR,1/31/2015,268000000,1948000000,22953000000,3,2,28,12367000000,1874000000,0,8911000000,11392000000,1.08E+11,-10809000000
2015,KR,1/30/2016,277000000,2089000000,24334000000,3,2,29,14011000000,2370000000,0,9892000000,12971000000,1.10E+11,-11409000000
2012,KSS,2/2/2013,537000000,833000000,6990000000,10,5,38,10878000000,105000000,0,4719000000,2535000000,19279000000,-7243000000
2013,KSS,2/1/2014,971000000,889000000,6944000000,9,5,52,11462000000,139000000,0,5314000000,2758000000,19031000000,-8052000000
2014,KSS,1/31/2015,1407000000,886000000,6925000000,9,5,62,12008000000,110000000,0,5580000000,2859000000,19023000000,-8744000000
2015,KSS,1/30/2016,707000000,934000000,6939000000,8,4,38,12329000000,127000000,0,5076000000,2714000000,19204000000,-9769000000
2013,KSU,12/31/2013,429500000,223300000,1564000000,31,15,112,2422900000,332000000,0,942400000,730600000,2369300000,0
2014,KSU,12/31/2014,348000000,258100000,1699200000,31,20,68,2801700000,474900000,0,718200000,898800000,2577100000,0
2015,KSU,12/31/2015,136600000,284600000,1659600000,33,20,53,2964700000,356100000,0,537000000,757600000,2418800000,0
,KSU,12/31/2016,170600000,305000000,1643100000,35,20,67,3134100000,206700000,0,648000000,744400000,2334200000,0
2012,LB,2/2/2013,773000000,354000000,4386000000,15,7,78,-672000000,0,0,2205000000,1538000000,10459000000,-685000000
2013,LB,2/1/2014,1519000000,368000000,4429000000,16,8,109,-118000000,215000000,0,3150000000,1826000000,10773000000,-748000000
2014,LB,1/31/2015,1681000000,398000000,4808000000,17,9,129,233000000,0,0,3199000000,1679000000,11454000000,-832000000
2015,LB,1/30/2016,2548000000,415000000,5204000000,18,10,162,315000000,6000000,0,4156000000,1875000000,12154000000,-1315000000
2012,LEG,12/31/2012,359100000,119000000,695600000,10,7,116,2109600000,201500000,0,1339100000,731000000,3414500000,-1206700000
2013,LEG,12/31/2013,272700000,122600000,709900000,8,6,95,2136400000,181100000,0,1281700000,829500000,3477200000,-1320700000
2014,LEG,12/31/2014,332800000,117900000,790400000,9,3,96,2061300000,201700000,0,1429300000,992200000,3782300000,-1416600000
2015,LEG,12/31/2015,253200000,113200000,923200000,12,8,115,2209200000,3400000,0,1311200000,701200000,3917200000,-1564000000
2013,LEN,11/30/2013,935663000,53846000,1014431000,12,8,,2053893000,0,0,0,0,5935095000,-628019000
2014,LEN,11/30/2014,895578000,59929000,1443540000,12,8,,2660034000,0,0,0,0,7779812000,-93440000
2015,LEN,11/30/2015,906913000,63540000,1716437000,11,8,,3429736000,0,0,0,0,9474008000,-107755000
,LEN,11/30/2016,1056115000,64838000,2026480000,12,8,,4306256000,0,0,0,0,10949999000,-108961000
2012,LH,12/31/2012,466800000,229800000,2249700000,18,10,124,3588500000,480000000,0,1391800000,1028500000,5671400000,-951800000
2013,LH,12/31/2013,404000000,230100000,2223200000,17,10,176,3373500000,111300000,0,1432100000,735700000,5808300000,-958900000
2014,LH,12/31/2014,580000000,245500000,2203100000,15,9,159,3786100000,347100000,0,1692700000,976300000,6011600000,-965500000
2015,LH,12/31/2015,716400000,457800000,2903300000,12,5,145,4223000000,424900000,0,2663000000,1701500000,8680100000,-978100000
2012,LKQ,12/31/2012,59770000,70165000,1724140000,11,6,99,1010019000,71716000,0,1384351000,487944000,4122930000,0
2013,LKQ,12/31/2013,150488000,86463000,2075402000,10,6,107,1321642000,41535000,0,1799817000,677953000,5062528000,0
2014,LKQ,12/31/2014,114605000,125437000,2651913000,10,6,108,1703161000,61938000,0,2235673000,744504000,6740064000,0
2015,LKQ,12/31/2015,87397000,128192000,2833529000,10,6,104,2126384000,56034000,0,2340712000,751970000,7192633000,0
2012,LLL,12/31/2012,349000000,303000000,1308000000,10,6,161,5175000000,0,0,4484000000,2563000000,13107000000,-4488000000
2013,LLL,12/31/2013,500000000,291000000,1117000000,10,7,166,5726000000,0,0,4613000000,2553000000,11420000000,-5288000000
2014,LLL,12/31/2014,442000000,236000000,1012000000,9,6,204,6181000000,0,0,5665000000,2634000000,10986000000,-6111000000
2015,LLL,12/31/2015,207000000,285000000,890000000,5,2,135,5728000000,499000000,0,4232000000,2879000000,10466000000,-6851000000
2013,LLTC,6/30/2013,126650000,76395000,959720000,45,32,166,-754555000,826629000,1398091000,1793890000,1025880000,1282236000,0
2014,LLTC,6/29/2014,157323000,69713000,1049806000,46,33,592,-616992000,0,855464000,1364713000,215115000,1388386000,0
2015,LLTC,6/28/2015,195679000,54098000,1119412000,46,35,812,-475124000,0,1007043000,1584752000,182918000,1475139000,0
2016,LLTC,7/3/2016,263682000,51409000,1080135000,44,35,921,-379210000,0,1184593000,1754730000,179966000,1423936000,0
2012,LLY,12/31/2012,4018800000,1462200000,17806900000,24,18,124,16088200000,11900000,1665500000,13038700000,8389500000,22603400000,-192400000
2013,LLY,12/31/2013,3830200000,1445600000,18205000000,25,20,114,16992400000,1012600000,1567100000,13104700000,8916600000,23113100000,-93600000
2014,LLY,12/31/2014,3871600000,1379000000,14683100000,15,12,94,16482700000,2688700000,955400000,11928300000,9741000000,19615600000,-91400000
2015,LLY,12/31/2015,3666400000,1427700000,14921500000,14,12,111,16011800000,6100000,785400000,12573600000,8229600000,19958700000,-90000000
2013,LMT,12/31/2013,2617000000,990000000,4187000000,10,7,93,14200000000,0,0,13329000000,11120000000,45358000000,0
2014,LMT,12/31/2014,1446000000,994000000,4683000000,13,9,86,14956000000,0,0,12322000000,11112000000,39946000000,0
2015,LMT,12/31/2015,1090000000,1026000000,4492000000,12,9,70,14238000000,956000000,0,14573000000,13918000000,40536000000,0
,LMT,12/31/2016,1837000000,1215000000,5062000000,12,11,83,13324000000,0,0,15108000000,12542000000,47248000000,0
2012,LNT,12/31/2012,21200000,387900000,950300000,17,11,77,1630700000,219000000,0,994300000,1020000000,3094500000,0
2013,LNT,12/31/2013,9800000,411100000,1004400000,16,11,56,1780700000,637900000,0,1011200000,1433300000,3276800000,0
2014,LNT,12/31/2014,56900000,442300000,1032800000,16,12,67,1938000000,324300000,0,1043100000,1214700000,3350300000,0
2015,LNT,12/31/2015,5800000,413700000,1082000000,18,12,44,2068900000,473200000,0,826800000,1359300000,3253600000,0
2012,LOW,2/1/2013,541000000,1623000000,17327000000,7,4,15,13224000000,47000000,125000000,9784000000,7708000000,50521000000,0
2013,LOW,1/31/2014,391000000,1562000000,18476000000,8,4,13,11355000000,435000000,185000000,10296000000,8876000000,53417000000,0
2014,LOW,1/30/2015,466000000,1586000000,19558000000,9,5,10,9591000000,552000000,125000000,9851000000,9348000000,56223000000,0
2015,LOW,1/29/2016,405000000,1587000000,20570000000,8,4,11,7593000000,1104000000,307000000,10561000000,10492000000,59074000000,0
2013,LRCX,6/30/2013,1162473000,338036000,1403059000,3,3,230,2972688000,514655000,1334745000,3793829000,1404475000,3598916000,-3539830000
2014,LRCX,6/29/2014,1452677000,327736000,2007481000,15,14,256,3575737000,518267000,1612967000,4783662000,1582001000,4607309000,-3757076000
2015,LRCX,6/28/2015,1501539000,315470000,2284336000,15,12,202,4096855000,1359650000,2574947000,6270849000,2631361000,5259312000,-4302847000
2016,LRCX,6/26/2016,5039322000,361550000,2618922000,18,16,341,4820109000,949494000,1788612000,9214911000,2419802000,5885893000,-4429317000
2012,LUK,12/31/2012,145960000,170113000,330864000,2,11,468,4240028000,0,4434164000,4586948000,981139000,7810610000,0
2013,LUK,12/31/2013,7524197000,138964000,1964071000,4,4,137,4318840000,2752833000,19565685000,40024391000,29146788000,9531778000,0
2014,LUK,12/31/2014,7721449000,139744000,2657611000,4,2,131,4428069000,3315613000,21221259000,43662912000,33414271000,10681897000,0
2015,LUK,12/31/2015,4389732000,172073000,2439269000,4,2,133,4612982000,4235316000,18500445000,37551026000,28149695000,10116502000,0
2013,LUV,12/31/2013,1355000000,867000000,9392000000,7,4,70,6431000000,629000000,1797000000,4456000000,5676000000,17699000000,-1131000000
2014,LUV,12/31/2014,1282000000,938000000,10928000000,12,6,61,7416000000,258000000,1706000000,3927000000,5923000000,18605000000,-2026000000
2015,LUV,12/31/2015,1583000000,1015000000,13795000000,21,11,50,9409000000,637000000,1468000000,4024000000,7406000000,19820000000,-3182000000
,LUV,12/31/2016,1680000000,1221000000,14293000000,18,11,61,11418000000,566000000,1625000000,4498000000,6844000000,20425000000,-4872000000
2012,LVLT,12/31/2012,987000000,795000000,2525000000,9,7,102,-12857000000,216000000,0,1842000000,1802000000,6376000000,0
2013,LVLT,12/31/2013,638000000,836000000,2628000000,11,2,101,-12966000000,31000000,0,1454000000,1446000000,6313000000,0
2014,LVLT,12/31/2014,587000000,844000000,3002000000,15,5,78,-12652000000,349000000,0,1481000000,1906000000,6777000000,0
2015,LVLT,12/31/2015,862000000,1190000000,3964000000,16,42,124,-9219000000,15000000,0,1749000000,1416000000,8229000000,0
2012,LYB,12/31/2012,2737000000,1041000000,5757000000,10,6,142,1274000000,96000000,0,12286000000,5096000000,45352000000,-106000000
2013,LYB,12/31/2013,4460000000,1042000000,6122000000,12,9,169,4004000000,59000000,0,14599000000,5510000000,44062000000,-2035000000
2014,LYB,12/31/2014,1033000000,1039000000,6669000000,13,9,131,6775000000,350000000,1593000000,11645000000,5437000000,45608000000,-7853000000
2015,LYB,12/31/2015,931000000,1063000000,7052000000,19,14,132,9841000000,357000000,1064000000,9789000000,4349000000,32735000000,-12086000000
2012,M,2/2/2013,1836000000,1033000000,11148000000,10,5,51,5108000000,124000000,0,7876000000,5075000000,27686000000,-2002000000
2013,M,2/1/2014,2273000000,1012000000,11206000000,10,5,55,6235000000,463000000,0,8688000000,5726000000,27931000000,-1847000000
2014,M,1/31/2015,2246000000,1031000000,11242000000,10,5,62,7340000000,76000000,0,8580000000,5075000000,28105000000,-1942000000
2015,M,1/30/2016,1109000000,1047000000,10583000000,8,4,37,6334000000,642000000,0,7652000000,5728000000,27079000000,-1665000000
2013,MA,12/31/2013,5233000000,861000000,8312000000,54,37,182,10121000000,0,2696000000,10950000000,6032000000,8312000000,-6577000000
2014,MA,12/31/2014,6627000000,1012000000,9441000000,54,38,177,13169000000,0,1238000000,10997000000,6222000000,9441000000,-9995000000
2015,MA,12/31/2015,7183000000,1130000000,9667000000,53,39,175,16222000000,0,991000000,10984000000,6269000000,9667000000,-13522000000
,MA,12/31/2016,8255000000,1233000000,10776000000,53,38,184,19418000000,0,1614000000,13228000000,7206000000,10776000000,-17021000000
2012,MAA,12/31/2012,9883000,131397000,358613000,26,23,,-603315000,6669000,0,0,0,475888000,0
2013,MAA,12/31/2013,133694000,183768000,463440000,18,19,,-653593000,9270000,0,0,0,635490000,0
2014,MAA,12/31/2014,54834000,280435000,716953000,23,16,,-729086000,10526000,0,0,0,992332000,0
2015,MAA,12/31/2015,63641000,278299000,761878000,28,34,,-634141000,11623000,0,0,0,1042779000,0
2012,MAC,12/31/2012,144451000,328039000,459984000,20,42,,-639741000,0,0,0,0,797517000,0
2013,MAC,12/31/2013,86558000,393661000,606219000,21,41,,-548806000,0,0,0,0,1029475000,0
2014,MAC,12/31/2014,98437000,399259000,663318000,23,136,,596741000,0,0,0,0,1105247000,0
2015,MAC,12/31/2015,127899000,462945000,790790000,23,38,,-212760000,0,0,0,0,1288149000,0
,MAR,12/31/2012,88000000,102000000,1624000000,8,5,53,3509000000,407000000,0,1475000000,2773000000,11814000000,-7340000000
2013,MAR,12/31/2013,126000000,127000000,1764000000,8,5,71,3837000000,6000000,0,1903000000,2675000000,12784000000,-7929000000
2014,MAR,12/31/2014,104000000,148000000,1966000000,8,5,53,4286000000,324000000,0,1610000000,3038000000,13796000000,-9223000000
2015,MAR,12/31/2015,96000000,139000000,2123000000,9,6,43,4878000000,300000000,0,1384000000,3233000000,14486000000,-11098000000
2013,MAS,12/31/2013,1223000000,205000000,1959000000,9,4,160,79000000,6000000,0,3468000000,1686000000,6761000000,0
2014,MAS,12/31/2014,1379000000,182000000,2060000000,10,12,132,690000000,505000000,0,3620000000,2211000000,7006000000,0
2015,MAS,12/31/2015,1468000000,153000000,2253000000,13,5,110,-300000000,1004000000,0,3328000000,2403000000,7142000000,0
,MAS,12/31/2016,990000000,159000000,2456000000,14,7,152,-381000000,2000000,0,2934000000,1460000000,7357000000,0
2012,MAT,12/31/2012,1335711000,174282000,3409197000,16,12,180,3515181000,409844000,0,3556805000,1716012000,6420881000,-2152702000
2013,MAT,12/31/2013,1039216000,196393000,3478883000,18,14,268,3918122000,4278000,0,3377993000,1047440000,6484892000,-2448701000
2014,MAT,12/31/2014,971650000,248701000,3001022000,11,8,241,3896261000,0,0,3186931000,1088886000,6023819000,-2533566000
2015,MAT,12/31/2015,892814000,265427000,2806358000,9,6,159,3745815000,316914000,0,3196863000,1645572000,5702613000,-2494901000
2012,MCD,12/31/2012,2336100000,1488500000,10816300000,31,20,141,39278000000,0,0,4922100000,3403100000,27567000000,-30576300000
2013,MCD,12/31/2013,2798700000,1585100000,10902700000,31,20,155,41751200000,0,0,5050100000,3170000000,28105700000,-32179800000
2014,MCD,12/31/2014,2077900000,1644500000,10455700000,29,17,148,43294500000,0,0,4185500000,2747900000,27441300000,-35177100000
2015,MCD,12/31/2015,7685500000,1555700000,9789200000,28,18,323,44594500000,0,0,9643000000,2950400000,25413000000,-41176800000
2013,MCHP,3/31/2013,528334000,225697000,838459000,11,8,584,1352932000,0,1050263000,2236370000,341611000,1581623000,-682220000
2014,MCHP,3/31/2014,466603000,210822000,1128743000,24,20,508,1467009000,17500000,878182000,1969399000,336079000,1931217000,-577382000
2015,MCHP,3/31/2015,607815000,305501000,1229564000,20,17,674,1549540000,0,1351054000,2664617000,353972000,2147036000,-515679000
2016,MCHP,3/31/2016,2092751000,344205000,1205464000,16,15,730,1582585000,0,353284000,3096713000,382009000,2173334000,-820066000
2013,MCK,3/31/2013,2456000000,581000000,6881000000,2,1,60,10402000000,352000000,0,23170000000,21357000000,1.22E+11,-9363000000
2014,MCK,3/31/2014,4193000000,735000000,8352000000,2,1,67,11453000000,1665000000,0,32836000000,29615000000,1.37E+11,-9507000000
2015,MCK,3/31/2015,5341000000,1017000000,11411000000,2,1,67,12705000000,1664000000,0,36670000000,33497000000,1.79E+11,-9956000000
2016,MCK,3/31/2016,4048000000,885000000,11416000000,2,1,66,8360000000,1619000000,0,38437000000,35071000000,1.91E+11,-3721000000
2012,MCO,12/31/2012,1755400000,93500000,1935300000,39,25,217,4713300000,63800000,17900000,2525700000,1164900000,2730300000,-4614500000
2013,MCO,12/31/2013,1919500000,93400000,2150100000,42,27,260,5302100000,0,186800000,2968800000,1141300000,2972500000,-5319700000
2014,MCO,12/31/2014,1219500000,95600000,2404000000,43,30,224,6044300000,0,458100000,2686400000,1199700000,3334300000,-6384200000
2015,MCO,12/31/2015,1757400000,113500000,2508200000,42,27,266,6709000000,0,474800000,3243100000,1218500000,3484500000,-7389200000
2012,MDLZ,12/31/2012,4475000000,1345000000,13076000000,10,9,80,10551000000,3851000000,0,15673000000,14870000000,35015000000,-7157000000
2013,MDLZ,12/31/2013,2622000000,1077000000,13110000000,11,11,66,13419000000,2597000000,0,13174000000,14354000000,35299000000,-9553000000
2014,MDLZ,12/31/2014,1631000000,1059000000,12597000000,9,6,59,14529000000,2835000000,0,11750000000,14007000000,34244000000,-11112000000
2015,MDLZ,12/31/2015,1870000000,894000000,11512000000,30,25,58,20700000000,841000000,0,8958000000,10922000000,29636000000,-14462000000
2012,MET,12/31/2012,15738000000,170000000,30163000000,2,2,,25205000000,6516000000,16906000000,0,0,68150000000,-172000000
2013,MET,12/31/2013,7585000000,547000000,30092000000,6,5,,27332000000,175000000,13955000000,0,0,68199000000,-172000000
2014,MET,12/31/2014,10808000000,102000000,34214000000,12,9,,32020000000,100000000,8621000000,0,0,73316000000,-1172000000
2015,MET,12/31/2015,12752000000,-448000000,31237000000,11,8,,35519000000,100000000,9299000000,0,0,69951000000,-3102000000
2012,MHK,12/31/2012,477672000,280293000,1490058000,7,4,171,2605023000,55213000,0,2550046000,828649000,5787980000,-323462000
2013,MHK,12/31/2013,54066000,308871000,1920809000,7,5,115,2953809000,127218000,0,3085718000,1320811000,7348754000,-239234000
2014,MHK,12/31/2014,97877000,345570000,2154192000,10,7,74,3487079000,851305000,0,2980486000,1946724000,7803446000,-239450000
2015,MHK,12/31/2015,81692000,362647000,2410686000,10,8,50,4102707000,2003003000,0,3249972000,3259028000,8071563000,-215795000
2012,MJN,12/31/2012,1042100000,76900000,2397500000,22,15,115,1124800000,187000000,0,2015000000,1369900000,3901300000,-244600000
2013,MJN,12/31/2013,1050800000,83100000,2672200000,24,16,89,1432300000,507600000,0,2118100000,1781300000,4200700000,-351900000
2014,MJN,12/31/2014,1297700000,91600000,2708700000,22,16,147,1775000000,4100000,0,2331300000,1205300000,4409300000,-362600000
2015,MJN,12/31/2015,1701400000,99100000,2616000000,24,16,169,640400000,3000000,0,2602400000,1253300000,4071300000,-362600000
2013,MKC,11/30/2013,63000000,106000000,1665800000,13,9,65,970400000,214100000,0,1370200000,1063100000,4123400000,0
2014,MKC,11/30/2014,77300000,102700000,1730200000,14,10,63,982600000,270800000,0,1416200000,1122000000,4243200000,0
2015,MKC,11/30/2015,112600000,105900000,1737300000,13,9,52,1036700000,343000000,0,1357400000,1238600000,4296300000,0
,MKC,11/30/2016,118400000,108700000,1831700000,15,11,47,1056800000,393200000,0,1421800000,1422700000,4411500000,0
2012,MLM,12/31/2012,25394000,177211000,327134000,8,4,212,1101598000,5676000,0,700401000,173335000,2031901000,0
2013,MLM,12/31/2013,42437000,173761000,363957000,10,6,194,1148738000,12403000,0,755366000,210549000,2155551000,0
2014,MLM,12/31/2014,108651000,222746000,522360000,11,5,141,1213035000,14336000,0,1044178000,396648000,2957951000,0
2015,MLM,12/31/2015,168409000,263587000,721767000,14,8,167,874436000,19246000,0,1082168000,367191000,3539570000,0
2012,MMC,12/31/2012,2301000000,349000000,11924000000,15,10,,8628000000,260000000,0,0,0,11924000000,-447000000
2013,MMC,12/31/2013,2303000000,358000000,12261000000,17,11,,9452000000,334000000,0,0,0,12261000000,-515000000
2014,MMC,12/31/2014,1958000000,388000000,12951000000,18,11,,10335000000,11000000,0,0,0,12951000000,-925000000
2015,MMC,12/31/2015,1374000000,423000000,12893000000,19,12,,11302000000,12000000,0,0,0,12893000000,-1991000000
2013,MMM,12/31/2013,2581000000,1371000000,14765000000,22,15,118,32416000000,1683000000,756000000,12733000000,7498000000,30871000000,-15385000000
2014,MMM,12/31/2014,1897000000,1408000000,15374000000,22,16,144,34317000000,106000000,1439000000,12303000000,5964000000,31821000000,-19307000000
2015,MMM,12/31/2015,1798000000,1435000000,14891000000,23,16,105,36296000000,2044000000,118000000,10986000000,7118000000,30274000000,-23308000000
,MMM,12/31/2016,2398000000,1474000000,15069000000,24,17,134,37907000000,972000000,280000000,11726000000,6219000000,30109000000,-25434000000
2012,MNST,12/31/2012,222514000,20562000,1065656000,27,17,219,1508664000,0,97042000,835068000,288545000,2060702000,-1155313000
2013,MNST,12/31/2013,211349000,22762000,1172931000,26,15,304,1847325000,0,402247000,1183043000,316014000,2246428000,-1222912000
2014,MNST,12/31/2014,370323000,25651000,1339810000,30,20,416,2330510000,0,781134000,1653154000,355716000,2464867000,-1231087000
2015,MNST,12/31/2015,2175417000,30860000,1632301000,33,20,666,1394863000,0,744610000,3582602000,514189000,2722564000,-556467000
2012,MO,12/31/2012,2900000000,225000000,9563000000,29,17,55,24316000000,1459000000,0,6315000000,8259000000,24618000000,-25731000000
2013,MO,12/31/2013,3175000000,212000000,10457000000,33,19,67,25168000000,525000000,0,6590000000,7058000000,24466000000,-26320000000
2014,MO,12/31/2014,3321000000,208000000,10160000000,31,21,63,26277000000,1000000000,0,6878000000,7673000000,24522000000,-27251000000
2015,MO,12/31/2015,2369000000,225000000,11114000000,33,21,57,27257000000,4000000,0,6086000000,7078000000,25434000000,-27845000000
2013,MON,8/31/2013,3668000000,615000000,7653000000,24,17,164,7188000000,63000000,254000000,10077000000,4336000000,14861000000,-4140000000
2014,MON,8/31/2014,2367000000,691000000,8574000000,26,17,119,9012000000,315000000,40000000,9675000000,5112000000,15855000000,-10032000000
2015,MON,8/31/2015,3701000000,716000000,8182000000,23,15,138,10374000000,687000000,47000000,10625000000,5177000000,15001000000,-12053000000
2016,MON,8/31/2016,1676000000,727000000,7017000000,18,10,73,10763000000,1710000000,60000000,8157000000,6729000000,13502000000,-15053000000
2013,MOS,5/31/2013,3697100000,638100000,2760200000,22,19,302,11603400000,69600000,0,6880500000,1764900000,9974100000,0
2014,MOS,12/31/2014,2374600000,842000000,1926600000,14,11,219,11168900000,54500000,0,5215500000,1596700000,9055800000,0
2015,MOS,12/31/2015,1276300000,772200000,1717900000,14,11,126,11014800000,67200000,0,4143400000,2047000000,8895300000,0
,MOS,12/31/2016,673100000,751600000,810000000,4,4,113,10863400000,38900000,0,3057700000,1476800000,7162800000,0
2012,MPC,12/31/2012,4860000000,995000000,13295000000,6,4,117,3880000000,19000000,0,13029000000,8203000000,82243000000,-1253000000
2013,MPC,12/31/2013,2292000000,1220000000,12402000000,3,2,82,5507000000,23000000,0,12737000000,9824000000,1.00E+11,-4155000000
2014,MPC,12/31/2014,1494000000,1326000000,13542000000,4,3,66,7515000000,27000000,0,11339000000,8579000000,97817000000,-6299000000
2015,MPC,12/31/2015,1127000000,1646000000,16160000000,6,4,67,9752000000,29000000,0,9471000000,6345000000,72051000000,-7275000000
2012,MRK,12/31/2012,13451000000,6978000000,30821000000,19,13,154,39985000000,4315000000,2690000000,34857000000,18348000000,47267000000,-24717000000
2013,MRK,12/31/2013,15621000000,6988000000,27079000000,14,10,165,39257000000,4521000000,1865000000,35685000000,17868000000,44033000000,-29591000000
2014,MRK,12/31/2014,7441000000,6691000000,25469000000,13,28,147,46021000000,2704000000,8278000000,32605000000,18397000000,42237000000,-35262000000
2015,MRK,12/31/2015,8524000000,6375000000,24564000000,18,11,131,45348000000,2585000000,4903000000,29764000000,19203000000,39498000000,-38534000000
2012,MRO,12/31/2012,684000000,2008000000,9887000000,23,13,67,13890000000,384000000,0,3762000000,5081000000,11966000000,-2560000000
2013,MRO,12/31/2013,264000000,2500000000,9169000000,20,15,60,15135000000,203000000,0,2975000000,4333000000,11325000000,-2903000000
2014,MRO,12/31/2014,2398000000,2861000000,8600000000,11,28,97,17638000000,1068000000,0,4593000000,4379000000,10846000000,-3642000000
2015,MRO,12/31/2015,1221000000,2957000000,3828000000,55,40,132,14974000000,1000000,0,2590000000,1729000000,5522000000,-3554000000
2013,MSFT,6/30/2013,3804000000,3755000000,57464000000,34,28,266,9895000000,2999000000,73218000000,1.01E+11,37417000000,77849000000,0
2014,MSFT,6/30/2014,8669000000,5212000000,59755000000,32,25,245,17710000000,2000000000,77040000000,1.14E+11,45625000000,86833000000,0
2015,MSFT,6/30/2015,5595000000,5957000000,60542000000,19,13,241,9096000000,7484000000,90931000000,1.23E+11,49647000000,93580000000,0
2016,MSFT,6/30/2016,6510000000,6622000000,52540000000,24,20,231,2282000000,12904000000,1.07E+11,1.40E+11,59357000000,85320000000,0
2012,MTB,12/31/2012,8679887000,204561000,0,0,22,,6477276000,1074482000,0,0,0,4608955000,0
2013,MTB,12/31/2013,12496700000,203735000,0,0,24,,7188004000,260455000,0,0,0,4822539000,0
2014,MTB,12/31/2014,21145941000,198730000,0,0,23,,7807119000,192676000,0,0,0,4736150000,0
2015,MTB,12/31/2015,24892612000,175349000,0,0,22,,8430502000,2132182000,0,0,0,4995881000,0
2013,MTD,12/31/2013,111874000,59304000,1281931000,18,13,125,2037420000,17067000,0,913987000,564188000,2378972000,-1721030000
2014,MTD,12/31/2014,85263000,62802000,1358750000,19,14,95,2357334000,116164000,0,849430000,678890000,2485983000,-2095656000
2015,MTD,12/31/2015,98887000,64038000,1351993000,20,15,104,2692317000,14488000,0,795332000,558212000,2395447000,-2543229000
,MTD,12/31/2016,158674000,68795000,1435587000,22,15,115,3065708000,18974000,0,896784000,587515000,2508257000,-3006771000
2013,MU,8/29/2013,3436000000,1926000000,1847000000,3,13,152,-212000000,1585000000,221000000,8911000000,4125000000,9073000000,0
2014,MU,8/28/2014,4150000000,2270000000,5437000000,19,19,163,2729000000,1618000000,384000000,10245000000,4791000000,16358000000,0
2015,MU,9/3/2015,2287000000,2805000000,5215000000,19,18,160,5588000000,1089000000,1234000000,8596000000,3905000000,16192000000,-881000000
2016,MU,9/1/2016,4140000000,3106000000,2505000000,1,2,137,5299000000,756000000,258000000,9495000000,4835000000,12399000000,-1029000000
2012,MUR,12/31/2012,947316000,1428271000,3529427000,30,21,98,7717389000,46000,115603000,4108583000,3409081000,4608563000,-252805000
2013,MUR,12/31/2013,750155000,1677745000,4059874000,28,21,100,8058792000,26249000,374842000,3508643000,3224031000,5312686000,-732734000
2014,MUR,12/31/2014,1193308000,2039808000,4199045000,23,17,96,8728032000,465388000,461313000,3279149000,3147887000,5288933000,-1086124000
2015,MUR,12/31/2015,283183000,1751097000,1954810000,120,81,77,6212201000,18881000,173288000,1448416000,1674629000,2787116000,-1306061000
2014,MYL,12/31/2014,225500000,566600000,3528000000,18,12,90,3614500000,2803600000,0,6441200000,5304000000,7719600000,-3857700000
,MYL,12/31/2015,1236000000,1032100000,4216100000,15,9,110,4462100000,1078300000,0,6472700000,4122200000,9429300000,-67500000
,NAVI,12/31/2013,6082000000,13000000,0,0,23,,2584000000,13795000000,0,0,0,6263000000,-2033000000
2014,NAVI,12/31/2014,2076000000,9000000,0,0,20,,1724000000,2663000000,0,0,0,5637000000,-432000000
2015,NAVI,12/31/2015,2095000000,12000000,0,0,19,,2480000000,2570000000,0,0,0,5197000000,-1425000000
2013,NBL,12/31/2013,1117000000,1570000000,4171000000,33,20,111,6493000000,0,0,2611000000,2342000000,5015000000,-659000000
2014,NBL,12/31/2014,1183000000,1759000000,4170000000,18,24,122,7458000000,0,0,3075000000,2522000000,5115000000,-671000000
2015,NBL,12/31/2015,1028000000,2131000000,2204000000,78,77,126,4726000000,0,0,2276000000,1805000000,3183000000,-688000000
,NBL,12/31/2016,1180000000,2454000000,2408000000,37,29,132,3556000000,0,0,1955000000,1478000000,3491000000,-692000000
2012,NDAQ,12/31/2012,582000000,104000000,1577000000,20,12,,2678000000,0,0,0,0,3023000000,-1058000000
2013,NDAQ,12/31/2013,482000000,122000000,1784000000,19,12,,2976000000,0,0,0,0,3100000000,-1005000000
2014,NDAQ,12/31/2014,476000000,137000000,1950000000,19,12,,3292000000,0,0,0,0,3383000000,-41000000
2015,NDAQ,12/31/2015,357000000,138000000,1979000000,18,13,,3571000000,0,0,0,0,3292000000,-111000000
2012,NEE,12/31/2012,329000000,1777000000,5980000000,23,13,47,10783000000,4612000000,0,5237000000,8879000000,14256000000,0
2013,NEE,12/31/2013,438000000,2521000000,6984000000,21,13,51,11569000000,5295000000,0,5842000000,9189000000,15136000000,0
2014,NEE,12/31/2014,577000000,2896000000,8270000000,26,14,58,12773000000,5946000000,0,6944000000,9663000000,17021000000,0
2015,NEE,12/31/2015,571000000,3203000000,8890000000,26,16,55,14140000000,3888000000,0,6795000000,10107000000,17486000000,0
2012,NEM,12/31/2012,1561000000,1032000000,5630000000,31,18,139,4166000000,10000000,86000000,5945000000,3141000000,9964000000,0
2013,NEM,12/31/2013,1555000000,1362000000,3115000000,43,30,123,848000000,595000000,78000000,4889000000,2740000000,8414000000,0
2014,NEM,12/31/2014,2403000000,1229000000,2835000000,10,7,185,1242000000,166000000,73000000,5439000000,2198000000,7292000000,0
2015,NEM,12/31/2015,2782000000,1239000000,3417000000,15,3,238,1410000000,149000000,19000000,4983000000,1416000000,7729000000,0
2013,NFLX,12/31/2013,604965000,2241680000,1257359000,5,3,142,552485000,0,595440000,3058763000,2154203000,4374562000,0
2014,NFLX,12/31/2014,1113608000,2781798000,1751896000,7,5,147,819284000,0,494888000,3927053000,2663154000,5504656000,0
2015,NFLX,12/31/2015,1809330000,3547045000,2188035000,5,2,154,941925000,0,501385000,5431840000,3529624000,6779511000,0
,NFLX,12/31/2016,1467576000,4924978000,2800768000,4,2,125,1128603000,0,266206000,5720291000,4586657000,8830669000,0
2012,NFX,12/31/2012,88000000,955000000,1149000000,87,76,77,1300000000,6000000,0,866000000,959000000,1562000000,-36000000
2013,NFX,12/31/2013,185000000,930000000,1446000000,24,8,57,1427000000,62000000,0,901000000,1290000000,1857000000,-13000000
2014,NFX,12/31/2014,14000000,903000000,1803000000,25,39,82,2327000000,8000000,0,940000000,1101000000,2288000000,-10000000
2015,NFX,12/31/2015,5000000,917000000,1060000000,325,216,91,-1035000000,13000000,0,625000000,647000000,1557000000,-22000000
2013,NKE,5/31/2013,3337000000,502000000,11034000000,13,10,256,5620000000,155000000,2628000000,13630000000,3962000000,25313000000,0
2014,NKE,5/31/2014,2220000000,586000000,12446000000,13,10,194,4871000000,174000000,2922000000,13696000000,5027000000,27799000000,0
2015,NKE,5/31/2015,3852000000,649000000,14067000000,14,11,178,4685000000,181000000,2072000000,15587000000,6332000000,30601000000,0
2016,NKE,5/31/2016,3138000000,662000000,14971000000,14,12,190,4151000000,45000000,2319000000,15025000000,5358000000,32376000000,0
2013,NLSN,12/31/2013,564000000,521000000,3305000000,15,13,139,-512000000,148000000,0,2134000000,1535000000,5703000000,0
2014,NLSN,12/31/2014,273000000,573000000,3668000000,17,6,112,-128000000,393000000,0,2011000000,1794000000,6288000000,-415000000
2015,NLSN,12/31/2015,357000000,574000000,3633000000,18,9,113,341000000,310000000,0,1908000000,1687000000,6172000000,0
,NLSN,12/31/2016,754000000,603000000,3702000000,18,8,139,456000000,188000000,0,2222000000,1594000000,6309000000,0
2012,NOV,12/31/2012,3319000000,616000000,5043000000,20,14,173,11385000000,1000000,0,15678000000,5649000000,17194000000,0
2013,NOV,12/31/2013,3436000000,738000000,5104000000,17,12,162,13323000000,1000000,0,16423000000,6678000000,19221000000,0
2014,NOV,12/31/2014,3536000000,778000000,5809000000,17,12,148,13181000000,152000000,0,16162000000,7374000000,21440000000,0
2015,NOV,12/31/2015,2080000000,747000000,3063000000,3,5,168,9927000000,2000000,0,11801000000,4249000000,14757000000,0
2013,NSC,12/31/2013,1443000000,922000000,7175000000,29,17,124,9339000000,545000000,118000000,3075000000,2305000000,11245000000,0
2014,NSC,12/31/2014,973000000,956000000,7423000000,31,17,143,10348000000,102000000,0,2778000000,1780000000,11624000000,0
2015,NSC,12/31/2015,1101000000,1059000000,6849000000,27,15,100,10191000000,700000000,0,2512000000,2231000000,10511000000,0
,NSC,12/31/2016,956000000,1030000000,6843000000,31,17,87,10425000000,650000000,0,2291000000,2339000000,9888000000,0
2013,NTAP,4/26/2013,3277100000,404800000,3761100000,10,8,216,2896800000,1257800000,3675500000,8418200000,3830600000,6332400000,-2927400000
2014,NTAP,4/25/2014,2291000000,334000000,3919000000,12,10,236,1100000,0,2712300000,6471300000,2694600000,6325000000,0
2015,NTAP,4/24/2015,1922000000,307000000,3833000000,12,9,245,53000000,0,3404000000,6773000000,2709000000,6123000000,0
2016,NTAP,4/29/2016,2868000000,279000000,3373000000,6,4,173,0,849000000,2435000000,6448000000,3662000000,5546000000,0
2012,NTRS,12/31/2012,61270200000,277700000,0,0,16,,6702700000,1847400000,0,0,0,4193500000,-314000000
2013,NTRS,12/31/2013,66721200000,363200000,0,0,17,,7134800000,3441000000,0,0,0,4311700000,-422800000
2014,NTRS,12/31/2014,70161900000,370500000,0,0,18,,7625400000,3503200000,0,0,0,4512600000,-704800000
2015,NTRS,12/31/2015,76167800000,404900000,0,0,20,,8242800000,4953200000,0,0,0,4856500000,-1033600000
2012,NUE,12/31/2012,1052862000,607021000,1513538000,5,3,164,7124523000,279912000,104167000,5661364000,2029568000,19429273000,-1501977000
2013,NUE,12/31/2013,1483252000,610208000,1410625000,5,3,194,7140440000,32502000,28191000,6410046000,1960216000,19052046000,-1498114000
2014,NUE,12/31/2014,1024144000,724423000,1906526000,6,3,176,7378214000,223811000,100000000,6441888000,2097776000,21105141000,-1494629000
2015,NUE,12/31/2015,1939469000,700017000,1581262000,5,2,261,7255972000,51315000,100000000,5754380000,1385173000,16439276000,-1558128000
2013,NVDA,1/27/2013,732786000,226235000,2226343000,15,13,447,3246088000,0,2995097000,4775258000,976223000,4280159000,-1622709000
2014,NVDA,1/26/2014,1151587000,244000000,2268000000,12,11,554,3504742000,0,3520223000,5624711000,945496000,4130000000,-2537295000
2015,NVDA,1/25/2015,497000000,248000000,2599000000,16,13,584,3949000000,0,4126000000,5713000000,896000000,4682000000,-3395000000
2016,NVDA,1/31/2016,596000000,226000000,2811000000,15,12,240,4350000000,1413000000,4441000000,6053000000,2351000000,5010000000,-4048000000
2012,NWL,12/31/2012,183800000,163700000,2094100000,12,7,100,2294900000,211900000,0,2271100000,1570800000,5508500000,-448000000
2013,NWL,12/31/2013,226300000,158900000,2124900000,11,8,100,2242100000,174800000,0,2285600000,1604500000,5607000000,-477200000
2014,NWL,12/31/2014,199400000,156100000,2203400000,11,7,84,2111200000,397400000,0,2292200000,1888600000,5727000000,-493100000
2015,NWL,12/31/2015,274800000,171600000,2304600000,10,6,89,2090900000,388800000,0,2493500000,1988600000,5915700000,-523100000
,NWS,6/30/2013,2381000000,548000000,8891000000,18,6,214,0,0,0,4643000000,2171000000,8891000000,0
,NWS,6/30/2014,3145000000,552000000,8486000000,4,3,233,237000000,0,0,5270000000,2264000000,8486000000,0
,NWS,6/30/2015,1951000000,498000000,8524000000,4,2,190,88000000,0,0,4014000000,2110000000,8524000000,0
,NWS,6/30/2016,2147000000,505000000,8292000000,1,2,159,150000000,0,0,3889000000,2442000000,8292000000,0
,NWSA,6/30/2013,2381000000,548000000,8891000000,18,6,214,0,0,0,4643000000,2171000000,8891000000,0
2014,NWSA,6/30/2014,3145000000,552000000,8486000000,4,3,233,237000000,0,0,5270000000,2264000000,8486000000,0
2015,NWSA,6/30/2015,1951000000,498000000,8524000000,4,2,190,88000000,0,0,4014000000,2110000000,8524000000,0
2016,NWSA,6/30/2016,2147000000,505000000,8292000000,1,2,159,150000000,0,0,3889000000,2442000000,8292000000,0
2012,O,12/31/2012,5248000,163700000,463275000,80,33,,-768661000,158000000,0,0,0,484581000,0
2013,O,12/31/2013,10257000,327437000,741358000,70,31,,-991794000,128000000,0,0,0,780209000,0
2014,O,12/31/2014,3852000,382064000,879634000,71,29,,-1246964000,223000000,0,0,0,933505000,0
2015,O,12/31/2015,40294000,421168000,967933000,72,28,,-1530210000,238000000,0,0,0,1023285000,0
2012,OKE,12/31/2012,583618000,335852000,1643802000,9,4,80,2059024000,828025000,0,2764660000,2812994000,10184121000,-1039773000
2013,OKE,12/31/2013,145565000,384377000,1649666000,7,2,81,2020815000,575112000,0,2404724000,2730330000,11871879000,-997035000
2014,OKE,12/31/2014,172812000,306038000,2106543000,9,3,47,138128000,1065946000,0,1307244000,2392345000,12195091000,-953701000
2015,OKE,12/31/2015,97619000,354620000,2122154000,13,3,47,0,656990000,0,975210000,1638266000,7763206000,-917862000
2013,OMC,12/31/2013,2710500000,277500000,14584500000,13,7,84,8961200000,6300000,18200000,11652300000,12277700000,14584500000,-6063900000
2014,OMC,12/31/2014,2388100000,287200000,2715700000,13,7,82,9576900000,7600000,2200000,11079700000,12061100000,15317800000,-6986900000
2015,OMC,12/31/2015,2605200000,281900000,2643000000,13,7,76,10178200000,1006600000,14500000,11980500000,14219600000,15134400000,-7629900000
,OMC,12/31/2016,3002200000,277500000,2745700000,13,7,83,5677200000,28800000,20600000,12722000000,14010900000,15416900000,-3002100000
2012,ORLY,12/31/2012,248128000,178894000,3097418000,16,9,20,1023267000,222000,0,2732948000,2272865000,6182184000,0
2013,ORLY,12/31/2013,231318000,185234000,3369001000,17,10,19,846333000,67000,0,2835201000,2423010000,6649237000,0
2014,ORLY,12/31/2014,250560000,196291000,3708901000,18,11,18,822473000,25000,0,3065380000,2813298000,7216081000,0
2015,ORLY,12/31/2015,116301000,212362000,4162643000,19,12,12,678840000,0,0,3010026000,3046398000,7966674000,0
2012,OXY,12/31/2012,1592000000,3585000000,13570000000,31,23,112,37990000000,600000000,0,9492000000,7290000000,20100000000,-5091000000
2013,OXY,12/31/2013,3393000000,4203000000,13673000000,33,29,120,41831000000,0,0,11323000000,8434000000,20170000000,-6095000000
2014,OXY,12/31/2014,7808000000,4261000000,12509000000,7,3,156,36067000000,0,0,13873000000,8244000000,19312000000,-8528000000
2015,OXY,12/31/2015,4394000000,4544000000,6676000000,78,63,123,25960000000,1450000000,0,9402000000,6842000000,12480000000,-9121000000
2013,PAYX,5/31/2013,4179800000,154400000,2326200000,39,24,113,1088500000,0,398200000,4832600000,4268200000,2326200000,0
2014,PAYX,5/31/2014,4351100000,175300000,2518900000,39,25,113,957500000,0,398700000,5002500000,4438900000,2518900000,0
2015,PAYX,5/31/2015,4443400000,182800000,2739600000,38,25,111,894300000,0,366600000,5088200000,4573000000,2739600000,0
2016,PAYX,5/31/2016,4129000000,190800000,2951900000,39,26,111,926200000,0,220600000,4863600000,4365900000,2951900000,0
2012,PBCT,12/31/2012,5138700000,65900000,0,0,18,,756200000,2386500000,131400000,0,0,1355300000,-712200000
2013,PBCT,12/31/2013,5383500000,66500000,0,0,17,,779000000,5057000000,123600000,0,0,1346100000,-1170200000
2014,PBCT,12/31/2014,5457100000,64400000,0,0,18,,826700000,3691700000,668600000,0,0,1381400000,-1161500000
2015,PBCT,12/31/2015,6784200000,63200000,0,0,18,,880800000,4307300000,380500000,0,0,1421300000,-1161800000
2012,PBI,12/31/2012,913276000,255556000,2241315000,16,12,105,4744802000,375000000,36611000,3212127000,2877037000,3823713000,-4500795000
2013,PBI,12/31/2013,907806000,211243000,2140713000,14,4,123,4715564000,0,31128000,2838212000,2227755000,3791335000,-4456742000
2014,PBI,12/31/2014,1054118000,198088000,2140713000,15,9,116,4897708000,324879000,49135000,2763687000,2315223000,3821504000,-4477032000
2015,PBI,12/31/2015,650557000,173312000,2019469000,17,11,98,5155537000,461085000,117021000,2319808000,2279051000,3578060000,-4573305000
2012,PCAR,12/31/2012,1272400000,0,2688500000,8,7,96,5596400000,3562700000,1192700000,4481300000,3872200000,16596800000,0
2013,PCAR,12/31/2013,1750100000,0,2760300000,8,7,142,6165100000,2658900000,1267500000,5158900000,3050600000,16661000000,0
2014,PCAR,12/31/2014,1737600000,0,3052800000,9,7,144,6863800000,2641900000,1272000000,5272900000,3026400000,18534400000,-42700000
2015,PCAR,12/31/2015,2016400000,0,3379200000,11,9,146,7536800000,2796500000,1448100000,5385700000,3153400000,18671300000,0
2013,PCG,12/31/2013,597000000,2077000000,3839000000,11,5,74,4742000000,2063000000,0,5977000000,7493000000,15598000000,0
2014,PCG,12/31/2014,449000000,2433000000,4883000000,14,8,100,5316000000,633000000,0,6389000000,5920000000,17090000000,0
2015,PCG,12/31/2015,357000000,2612000000,4120000000,9,5,84,5301000000,1179000000,0,5813000000,6363000000,16833000000,0
,PCG,12/31/2016,184000000,2755000000,4932000000,12,8,75,5751000000,2216000000,0,6164000000,7564000000,17666000000,0
2012,PCLN,12/31/2012,1542990000,110173000,4083681000,35,27,389,2368611000,520344000,3646845000,5682375000,1461726000,5260956000,-1060607000
2013,PCLN,12/31/2013,1300470000,181591000,5715886000,36,28,541,4218752000,151931000,5462720000,7480941000,1381745000,6793306000,-1987207000
2014,PCLN,12/31/2014,3149494000,267780000,7584130000,36,29,371,6640505000,37150000,1142182000,5113620000,1378703000,8441971000,-2737585000
2015,PCLN,12/31/2015,1478071000,346759000,8591807000,35,28,247,9191865000,0,1171246000,3553237000,1439310000,9223987000,-5826640000
2013,PDCO,4/27/2013,505228000,46002000,1190769000,10,6,223,1463358000,0,0,1361336000,448519000,3637212000,0
2014,PDCO,4/26/2014,264908000,42446000,1018697000,8,6,180,1531198000,0,40775000,1415717000,543463000,3585141000,0
2015,PDCO,4/25/2015,347260000,44523000,1060549000,8,6,202,1630148000,0,53372000,1573225000,577685000,3910865000,0
2016,PDCO,4/30/2016,137453000,87536000,1322748000,6,3,124,1529158000,36500000,0,1747541000,829335000,5386703000,0
2012,PEG,12/31/2012,379000000,1227000000,3430000000,23,13,76,6942000000,1335000000,0,3869000000,3777000000,9781000000,-607000000
2013,PEG,12/31/2013,493000000,1370000000,3545000000,23,12,85,7457000000,680000000,0,3614000000,3063000000,9968000000,-615000000
2014,PEG,12/31/2014,402000000,1427000000,3850000000,24,14,89,8227000000,756000000,0,4119000000,3478000000,10886000000,-635000000
2015,PEG,12/31/2015,394000000,1427000000,4176000000,28,16,70,9117000000,1174000000,0,3494000000,3575000000,10415000000,-671000000
2013,PEP,12/28/2013,9375000000,2663000000,35172000000,15,10,105,46420000000,5306000000,303000000,22203000000,17839000000,66415000000,-21004000000
2014,PEP,12/27/2014,6134000000,2625000000,35445000000,14,10,97,49092000000,5076000000,2592000000,20663000000,18092000000,66683000000,-24985000000
2015,PEP,12/26/2015,9096000000,2416000000,34325000000,13,9,116,50472000000,4071000000,2913000000,23031000000,17578000000,63056000000,-29185000000
,PEP,12/31/2016,9158000000,2368000000,34590000000,16,10,115,52518000000,6892000000,6967000000,27089000000,21135000000,62799000000,-31468000000
2012,PFE,12/31/2012,10081000000,7655000000,44836000000,28,27,201,54240000000,6424000000,22318000000,64831000000,29186000000,54657000000,-40122000000
2013,PFE,12/31/2013,2183000000,6410000000,41998000000,29,43,214,69732000000,6027000000,30225000000,56244000000,23366000000,51584000000,-67923000000
2014,PFE,12/31/2014,3343000000,5537000000,40028000000,27,18,231,72176000000,5141000000,32779000000,55595000000,21587000000,49605000000,-73021000000
2015,PFE,12/31/2015,3641000000,5157000000,39203000000,24,14,123,71993000000,10160000000,19649000000,43804000000,29399000000,48851000000,-79252000000
2013,PFG,12/31/2013,2371800000,341000000,4605900000,12,10,,5405400000,150600000,0,0,0,9289500000,-5708000000
2014,PFG,12/31/2014,1863900000,536700000,5246600000,14,11,,6114100000,28000000,0,0,0,10477600000,-5930700000
2015,PFG,12/31/2015,2564800000,463800000,5266700000,12,10,,6875900000,181100000,0,0,0,11964400000,-6231300000
,PFG,12/31/2016,2719600000,471700000,5480900000,13,11,,7720400000,51400000,0,0,0,12394100000,-6508600000
,PG,12/31/2013,535608000,41204000,1949390000,35,20,578,-92692000,0,158376000,1796934000,298835000,2104745000,0
,PG,12/31/2014,648719000,52686000,2614539000,29,12,299,216644000,0,251761000,2084759000,654660000,2819557000,-169530000
,PG,12/31/2015,809102000,74909000,3711019000,31,15,330,852700000,0,236121000,2915095000,811162000,4103728000,-306069000
,PG,12/31/2016,535203000,104745000,4560733000,27,18,224,1748222000,127274000,503481000,3180188000,1241495000,4860427000,-316240000
2012,PGR,12/31/2012,179100000,344500000,1493000000,8,5,,3454400000,0,1990000000,0,0,17083900000,0
2013,PGR,12/31/2013,75100000,300200000,1895800000,9,6,,3500000000,0,1272600000,0,0,18170900000,0
2014,PGR,12/31/2014,108400000,226700000,2094100000,10,7,,4133400000,0,2149000000,0,0,19391400000,0
2015,PGR,12/31/2015,224400000,315100000,2147900000,9,6,,4686600000,0,2172000000,0,0,20853800000,0
2013,PH,6/30/2013,1781412000,335624000,2929029000,11,7,118,8421270000,1333826000,0,5531186000,3520203000,13015704000,-2274286000
2014,PH,6/30/2014,1613555000,336702000,3027744000,9,8,144,9174189000,816622000,573701000,6071580000,3252796000,13215971000,-2377284000
2015,PH,6/30/2015,1180584000,317491000,3056499000,12,8,176,9841885000,223142000,733490000,5440945000,2349120000,12711744000,-3712232000
2016,PH,6/30/2016,1221653000,306843000,2537369000,10,7,171,10302866000,361840000,882342000,5207787000,2365941000,11360753000,-4218820000
2013,PHM,12/31/2013,1653044000,31587000,1172399000,11,46,,1593918000,0,0,0,0,5679595000,0
2014,PHM,12/31/2014,1309220000,39864000,1577884000,12,8,,1728953000,0,0,0,0,5822363000,0
2015,PHM,12/31/2015,775435000,46222000,1628114000,14,8,,1662641000,0,0,0,0,5981964000,0
,PHM,12/31/2016,723248000,54007000,1939814000,13,8,,1540208000,0,0,0,0,7668476000,0
2012,PKI,12/30/2012,171444000,133857000,961529000,5,3,125,1548573000,1772000,0,971754000,581100000,2105188000,0
2013,PKI,12/29/2013,173242000,133584000,976142000,11,8,130,1684364000,2624000,0,1044838000,602796000,2157586000,0
2014,PKI,12/28/2014,174821000,120595000,1004608000,9,7,131,1810545000,1075000,0,1068551000,597310000,2237219000,0
2015,PKI,1/3/2016,237932000,120778000,1024500000,13,9,133,1991431000,1123000,0,1033161000,561485000,2262359000,0
2013,PM,12/31/2013,2154000000,882000000,20807000000,17,11,41,27843000000,3655000000,0,16852000000,17066000000,80029000000,-32142000000
2014,PM,12/31/2014,1682000000,889000000,19331000000,15,9,46,29249000000,2526000000,0,15484000000,15112000000,80106000000,-35762000000
2015,PM,12/31/2015,3417000000,754000000,17429000000,14,9,48,29842000000,3230000000,0,15804000000,15386000000,73908000000,-35613000000
,PM,12/31/2016,4239000000,743000000,17294000000,14,9,52,30397000000,3216000000,0,17608000000,16467000000,74953000000,-35490000000
2012,PNC,12/31/2012,85046000000,1159000000,0,0,18,,20265000000,21217000000,0,0,0,16606000000,-569000000
2013,PNC,12/31/2013,92091000000,1146000000,0,0,25,,23251000000,22198000000,0,0,0,16872000000,-408000000
2014,PNC,12/31/2014,1.07E+11,988000000,0,0,26,,26200000000,28510000000,0,0,0,16281000000,-1430000000
2015,PNC,12/31/2015,1.19E+11,1088000000,0,0,25,,29043000000,21899000000,0,0,0,16270000000,-3368000000
2012,PNR,12/31/2012,261300000,160100000,1265900000,0,2,114,1292300000,3100000,0,3204300000,1645100000,4306800000,-315500000
2013,PNR,12/31/2013,256000000,275400000,2370100000,11,8,127,1829100000,2500000,0,3232100000,1610200000,6999700000,-875100000
2014,PNR,12/31/2014,110400000,252700000,2463000000,12,3,108,2044000000,6700000,0,2894100000,1639500000,7039000000,-1251900000
2015,PNR,12/31/2015,126300000,271700000,2185800000,3,1,108,1791700000,700000,0,2780600000,1486500000,6449000000,0
2012,PNW,12/31/2012,26202000,481262000,1422245000,26,13,70,1624102000,288744000,0,1005726000,1083542000,3301804000,-4211000
2013,PNW,12/31/2013,9526000,492322000,1434192000,24,12,48,1785273000,725441000,0,1043609000,1618644000,3454628000,-4308000
2014,PNW,12/31/2014,7604000,496487000,1403778000,23,11,46,1926065000,590646000,0,973435000,1559143000,3491632000,-3401000
2015,PNW,12/31/2015,39488000,571664000,1525768000,24,13,42,2092803000,435296000,0,890516000,1442317000,3495443000,-5806000
2013,PPG,12/31/2013,1116000000,452000000,5951000000,10,23,130,12757000000,34000000,629000000,7214000000,4135000000,14265000000,-8002000000
2014,PPG,12/31/2014,686000000,450000000,6443000000,10,14,95,14498000000,481000000,497000000,6443000000,4875000000,14791000000,-8714000000
2015,PPG,12/31/2015,1311000000,471000000,6560000000,12,10,108,15521000000,281000000,144000000,6712000000,4695000000,14766000000,-9440000000
,PPG,12/31/2016,1820000000,462000000,6688000000,6,6,116,15984000000,629000000,43000000,6452000000,4240000000,14751000000,-10472000000
2012,PPL,12/31/2012,955000000,1286000000,7256000000,25,13,78,5478000000,2468000000,0,5068000000,5625000000,12132000000,0
2013,PPL,12/31/2013,1185000000,909000000,5512000000,35,16,91,5709000000,1845000000,0,5153000000,4912000000,7263000000,0
2014,PPL,12/31/2014,1399000000,988000000,5963000000,37,22,76,6462000000,1836000000,120000000,6026000000,7439000000,7852000000,0
2015,PPL,12/31/2015,836000000,942000000,5951000000,37,9,59,2953000000,1401000000,0,2646000000,3876000000,7669000000,0
2012,PRU,12/31/2012,18100000000,302000000,18212000000,1,1,,16066000000,8302000000,6447000000,0,0,84847000000,-12163000000
2013,PRU,12/31/2013,11439000000,411000000,14488000000,4,2,,14531000000,10567000000,7703000000,0,0,41461000000,-12415000000
2014,PRU,12/31/2014,14918000000,631000000,20545000000,3,3,,14888000000,13246000000,8258000000,0,0,54105000000,-13739000000
2015,PRU,12/31/2015,17612000000,113000000,24372000000,14,10,,18931000000,9098000000,8105000000,0,0,57119000000,-13814000000
2012,PSX,12/31/2012,3474000000,931000000,20844000000,2,2,116,2713000000,13000000,0,17962000000,12482000000,1.79E+11,-356000000
2013,PSX,12/31/2013,5400000000,971000000,19145000000,1,2,123,5622000000,24000000,0,19237000000,12931000000,1.72E+11,-2602000000
2014,PSX,12/31/2014,5207000000,1019000000,21029000000,2,3,120,9309000000,842000000,0,16692000000,11094000000,1.61E+11,-6234000000
2015,PSX,12/31/2015,3074000000,1099000000,21282000000,4,4,117,12348000000,44000000,0,12256000000,7531000000,98975000000,-7746000000
2012,PVH,2/3/2013,892209000,140400000,3249200000,11,7,134,1445673000,98847000,0,2437006000,1162447000,6043000000,-30003000
2013,PVH,2/2/2014,593200000,313600000,4219300000,7,2,111,1574800000,91800000,0,2998600000,1552400000,8186400000,-61200000
2014,PVH,2/1/2015,479300000,244700000,4326700000,7,5,107,2001300000,107800000,0,2785800000,1428100000,8241200000,-72300000
2015,PVH,1/31/2016,556400000,257400000,4161600000,9,7,98,2561200000,162500000,0,2812600000,1527200000,8020300000,-210700000
2012,PWR,12/31/2012,394701000,148749000,937707000,8,5,246,668156000,9000,0,2201727000,881179000,5920269000,-203149000
2013,PWR,12/31/2013,488777000,145776000,986933000,7,7,219,1070077000,1181000,0,2313318000,1042467000,6411577000,-215240000
2014,PWR,12/31/2014,190515000,176457000,1168794000,6,4,222,1366791000,8876000,0,2495704000,1106311000,7747229000,-321936000
2015,PWR,12/31/2015,128771000,198944000,923665000,3,4,183,1677698000,7067000,0,2277519000,1203744000,7572436000,-1795257000
2012,PX,12/31/2012,157000000,1001000000,4828000000,22,15,93,9534000000,677000000,0,2792000000,2479000000,11224000000,-5511000000
2013,PX,12/31/2013,138000000,1109000000,5181000000,22,15,90,10528000000,785000000,0,2916000000,2664000000,11925000000,-5912000000
2014,PX,12/31/2014,126000000,1170000000,5311000000,21,14,92,11461000000,589000000,0,2839000000,2490000000,12273000000,-6651000000
2015,PX,12/31/2015,147000000,1106000000,4816000000,22,14,111,12229000000,256000000,0,2626000000,1893000000,10776000000,-7253000000
,PYPL,12/31/2014,2201000000,516000000,8025000000,16,5,132,0,10612000000,29000000,17565000000,13283000000,8025000000,0
2015,PYPL,12/31/2015,1393000000,608000000,9248000000,16,13,152,668000000,12261000000,2018000000,20648000000,13617000000,9248000000,0
,PYPL,12/31/2016,1590000000,724000000,10842000000,15,13,152,2069000000,15163000000,3385000000,25733000000,16878000000,10842000000,-995000000
2013,QCOM,9/29/2013,6142000000,1017000000,15046000000,29,28,350,25461000000,0,8824000000,19555000000,5213000000,24866000000,0
2014,QCOM,9/28/2014,7907000000,1150000000,15801000000,29,30,348,30799000000,0,9658000000,22413000000,6013000000,26487000000,0
2015,QCOM,9/27/2015,7560000000,1214000000,14903000000,23,21,338,31226000000,1000000000,9761000000,22099000000,6100000000,25281000000,0
2016,QCOM,9/25/2016,5946000000,1428000000,13805000000,28,24,293,30936000000,1749000000,12702000000,22981000000,7311000000,23554000000,0
,QRVO,3/29/2014,171898000,74296000,404927000,2,1,187,-607266000,87263000,72067000,537418000,219973000,1148231000,0
2015,QRVO,3/28/2015,299814000,216992000,689308000,7,11,354,-410963000,0,244830000,1500105000,325310000,1710966000,0
2016,QRVO,4/2/2016,425881000,674960000,1049553000,0,1,289,-439808000,0,186808000,1509210000,373801000,2610726000,0
2013,R,12/31/2013,61562000,1039999000,1319801000,6,4,81,1390756000,259438000,0,1062493000,1231139000,6419285000,0
2013,R,12/31/2014,50092000,1094312000,1385734000,5,3,88,1450509000,36284000,0,1043644000,1110815000,6638774000,0
2015,R,12/31/2015,60945000,1192728000,1485444000,8,5,62,1667080000,634530000,0,1098302000,1680255000,6571893000,0
,R,12/31/2016,58801000,1255310000,1501416000,8,4,59,1827026000,791410000,0,1101557000,1744069000,6786984000,0
2012,RCL,12/31/2012,310509000,730493000,2530590000,5,0,18,5744791000,1519483000,0,888060000,4066151000,7688024000,-413704000
2013,RCL,12/31/2013,380377000,754711000,2654624000,10,6,19,6054952000,1587666000,0,956374000,4267010000,7959894000,-413704000
2014,RCL,12/31/2014,189241000,772445000,2767574000,12,9,18,6575248000,1066616000,0,801083000,3849247000,8073855000,-649778000
2014,RCL,12/31/2015,390713000,827008000,3199681000,11,8,17,6944862000,1551543000,0,837022000,4292827000,8299074000,-853348000
2013,REGN,12/31/2013,535608000,41204000,1949390000,35,20,578,-92692000,0,158376000,1796934000,298835000,2104745000,0
2014,REGN,12/31/2014,648719000,52686000,2614539000,29,12,299,216644000,0,251761000,2084759000,654660000,2819557000,-169530000
2015,REGN,12/31/2015,809102000,74909000,3711019000,31,15,330,852700000,0,236121000,2915095000,811162000,4103728000,-306069000
,REGN,12/31/2016,535203000,104745000,4560733000,27,18,224,1748222000,127274000,503481000,3180188000,1241495000,4860427000,-316240000
2013,RHI,12/31/2013,275764000,48772000,1723092000,9,6,219,13315000,128000,0,1172528000,535853000,4245895000,0
2014,RHI,12/31/2014,287119000,49681000,1922916000,11,7,212,36836000,140000,0,1323283000,623362000,4695014000,0
2015,RHI,12/31/2015,224577000,53465000,2114471000,11,7,183,34467000,153000,0,1197997000,655549000,5094933000,0
,RHI,12/31/2016,260201000,64315000,2160676000,11,7,189,84562000,167000,0,1284234000,679896000,5250399000,0
2013,RHT,2/28/2013,487084000,69230000,1128217000,15,11,139,541880000,0,392381000,1368749000,985712000,1328817000,-816674000
2014,RHT,2/28/2014,646742000,83102000,1302015000,15,12,137,720172000,0,335387000,1571182000,1148086000,1534615000,-1056419000
2015,RHT,2/28/2015,1047473000,93804000,1516290000,14,10,141,900373000,0,215254000,1883443000,1334033000,1789489000,-1515288000
2016,RHT,2/29/2016,927778000,109260000,1742601000,14,10,120,1099738000,0,281142000,1872433000,1559177000,2052230000,-1853144000
2013,RL,3/30/2013,974000000,233000000,4156000000,16,11,184,4647000000,267000000,325000000,2963000000,1121000000,6945000000,-2709000000
2014,RL,3/29/2014,797000000,258000000,4310000000,15,10,238,5257000000,0,488000000,3329000000,970000000,7450000000,-3317000000
2015,RL,3/28/2015,500000000,294000000,4378000000,14,9,192,5787000000,234000000,644000000,3324000000,1186000000,7620000000,-3849000000
2016,RL,4/2/2016,456000000,310000000,4187000000,8,5,161,6015000000,116000000,629000000,3053000000,1198000000,7405000000,-4349000000
2013,ROK,9/30/2013,1200900000,145200000,2573800000,16,12,198,4333400000,179000000,372700000,3679900000,1544700000,6351900000,-2567600000
2014,ROK,9/30/2014,1191300000,152500000,2753900000,18,12,198,4839600000,325000000,628500000,3934200000,1692100000,6623500000,-2927200000
2015,ROK,9/30/2015,1427300000,162500000,2703100000,19,13,253,5316900000,0,721900000,3896800000,1327700000,6307900000,-3459000000
2016,ROK,9/30/2016,1526400000,172200000,2475500000,17,12,185,5668400000,448600000,902800000,4185000000,1975900000,5879500000,-3909100000
2012,ROP,12/31/2012,370590000,157147000,1671717000,25,16,97,2489858000,519015000,0,1245542000,1086210000,2993489000,-19676000
2013,ROP,12/31/2013,459720000,193108000,1882928000,26,17,182,2959196000,11016000,0,1373337000,643091000,3238128000,-19475000
2014,ROP,12/31/2014,610430000,201287000,2101899000,28,18,210,3520201000,11092000,0,1512105000,627947000,3549494000,-19273000
2015,ROP,12/31/2015,778511000,208397000,2164646000,29,19,198,4110530000,6805000,0,1618047000,720128000,3582395000,-19094000
2012,ROST,2/2/2013,646761000,185491000,2709637000,13,8,58,989260000,0,1087000,2031427000,1422582000,9721065000,-91708000
2013,ROST,2/1/2014,423168000,206111000,2869429000,13,8,44,1190747000,0,12006000,1867159000,1393057000,10230353000,-121559000
2014,ROST,1/31/2015,696608000,232959000,3103721000,13,8,53,1421724000,0,500000,2249839000,1659368000,11041677000,-160600000
2015,ROST,1/30/2016,761602000,274828000,3363126000,14,9,59,1574982000,0,1737000,2372195000,1602847000,11939999000,-229525000
2012,RRC,12/31/2012,252000,503947000,1038351000,8,1,67,360990000,4471000,0,327614000,455143000,1367135000,-4760000
2013,RRC,12/31/2013,348000,524016000,1316134000,17,6,48,450583000,26198000,0,248301000,495561000,1832253000,-3637000
2014,RRC,12/31/2014,448000,603750000,1436785000,27,31,86,1058355000,0,0,570292000,639677000,2042537000,-3088000
2015,RRC,12/31/2015,471000,1200712000,532736000,74,60,115,317587000,1136000,0,439074000,351720000,1181704000,-2245000
2013,RSG,12/31/2013,213300000,954000000,3182500000,14,7,83,2632700000,15700000,0,1421900000,1717100000,8417200000,-1501200000
2014,RSG,12/31/2014,75200000,984900000,3160200000,14,6,76,2795000000,10400000,0,1391000000,1826000000,8803300000,-1901800000
2015,RSG,12/31/2015,32400000,1050000000,3596400000,17,8,67,3138300000,5500000,0,1230300000,1834800000,9115000000,-14900000
,RSG,12/31/2016,67800000,1070200000,3623700000,16,7,71,3324000000,5800000,0,1284500000,1812000000,9387700000,-414900000
2013,SBUX,9/29/2013,2575700000,655600000,8484500000,2,0,81,4130300000,0,658100000,5471400000,5377300000,14866800000,0
2014,SBUX,9/28/2014,1708400000,748400000,9589000000,19,13,101,5206600000,0,135400000,4168700000,3038700000,16447800000,0
2015,SBUX,9/27/2015,1530100000,933800000,11375200000,19,14,73,5974800000,0,81300000,3971000000,3648100000,19162700000,0
2016,SBUX,10/2/2016,2128800000,1030100000,12804800000,20,13,74,5949800000,400000000,134400000,4760500000,4546900000,21315900000,0
2012,SCG,12/31/2012,72000000,412000000,1422000000,21,10,60,0,875000000,0,1527000000,1811000000,4176000000,0
2013,SCG,12/31/2013,136000000,450000000,1508000000,20,10,73,2444000000,438000000,0,1421000000,1442000000,4495000000,0
2014,SCG,12/31/2014,137000000,448000000,1620000000,20,11,72,2684000000,1317000000,0,2145000000,2468000000,4951000000,0
2015,SCG,12/31/2015,176000000,414000000,1666000000,30,17,55,3118000000,697000000,0,1378000000,1952000000,4380000000,0
2012,SCHW,12/31/2012,41132000000,418000000,4883000000,30,19,,8554000000,0,0,0,0,4883000000,-4024000000
2013,SCHW,12/31/2013,31281000000,364000000,5435000000,31,20,,9253000000,0,0,0,0,5435000000,-3716000000
2014,SCHW,12/31/2014,32144000000,324000000,6058000000,35,22,,10198000000,0,0,0,0,6058000000,-3497000000
2015,SCHW,12/31/2015,31576000000,386000000,6380000000,36,23,,11253000000,0,0,0,0,6380000000,-3343000000
2012,SE,12/31/2012,94000000,760000000,2658000000,31,19,36,2165000000,2180000000,0,1663000000,3791000000,5075000000,0
2013,SE,12/31/2013,201000000,787000000,2811000000,30,19,45,2383000000,2229000000,0,2081000000,4039000000,5518000000,0
2014,SE,12/31/2014,215000000,809000000,3113000000,33,18,53,2541000000,1910000000,0,2332000000,3809000000,5903000000,0
2014,SE,12/31/2015,213000000,778000000,2899000000,27,4,40,1741000000,1764000000,0,1648000000,3392000000,5234000000,0
2013,SEE,12/31/2013,992400000,283400000,2589900000,8,2,101,302200000,283100000,0,3459500000,2700800000,7690800000,-327600000
2014,SEE,12/31/2014,286400000,266700000,2687600000,8,2,112,448500000,144300000,0,2618600000,1727200000,7750500000,-481400000
2015,SEE,12/31/2015,351700000,213300000,2586600000,11,3,86,675200000,294800000,0,2215700000,1807100000,7031500000,-1265700000
,SEE,12/31/2016,363700000,214000000,2531600000,12,7,73,1040000000,420700000,0,2215300000,2118900000,6778300000,-1478100000
2012,SHW,12/31/2012,862590000,179202000,4206226000,10,7,119,1226467000,72724000,0,3149238000,1876436000,9534462000,-849685000
2013,SHW,12/31/2013,744889000,187794000,4616566000,11,7,87,1774050000,599499000,0,3158717000,2528557000,10185532000,-1639174000
2014,SHW,12/31/2014,40732000,198945000,5164484000,12,8,57,2424674000,682701000,0,2566780000,2680666000,11129533000,-3150410000
2015,SHW,12/31/2015,205744000,198562000,5559226000,14,9,77,3228876000,42616000,0,2658874000,2141859000,11339304000,-4220058000
2013,SIG,2/2/2013,301000000,99800000,1537400000,14,9,188,2268400000,0,0,3036100000,871900000,3983400000,-260000000
2014,SIG,2/1/2014,247600000,110600000,1580500000,14,9,196,2812900000,19300000,0,3257600000,900700000,4209200000,-346200000
,SIG,2/2/2015,193600000,133400000,2074200000,10,7,165,3135700000,97500000,0,4402800000,1192500000,5736300000,-370000000
2016,SIG,1/30/2016,137700000,150200000,2440400000,11,7,185,3534600000,59500000,0,4589900000,1152900000,6550200000,-495800000
2013,SJM,4/30/2013,256400000,250900000,2027600000,15,9,109,1075500000,50000000,0,1595200000,596800000,5897700000,0
2014,SJM,4/30/2014,153500000,256400000,2031000000,16,10,69,1091000000,343200000,0,1539100000,885800000,5610600000,0
2015,SJM,4/30/2015,125600000,268400000,1968700000,14,6,80,1159200000,226000000,0,1983900000,1022600000,5692700000,0
2016,SJM,4/30/2016,109800000,430100000,2967800000,15,9,56,1267700000,284000000,0,1573400000,1213000000,7811200000,0
2012,SLG,12/31/2012,1674489000,351539000,819809000,29,15,,1701092000,116253000,0,0,0,1290052000,-322858000
2013,SLG,12/31/2013,1653582000,359749000,891400000,31,10,,1619150000,281308000,0,0,0,1371065000,-317356000
2014,SLG,12/31/2014,1839389000,400001000,1019852000,32,34,,1607689000,451614000,0,0,0,1519978000,0
2015,SLG,12/31/2015,2158997000,607464000,1128503000,24,17,,1643546000,1062023000,0,0,0,1662829000,-10000000
,SNA,12/31/2013,217600000,76700000,1598600000,18,11,190,2324100000,113100000,0,1796200000,715400000,3237500000,-458600000
2014,SNA,1/3/2015,132900000,79500000,1733400000,20,12,192,2637200000,56600000,0,1858600000,718700000,3492600000,-503300000
2015,SNA,1/2/2016,92800000,82500000,1818500000,21,13,193,2986900000,18400000,0,1788800000,670200000,3593100000,-573700000
,SNA,12/31/2016,77600000,85600000,1908300000,23,15,137,3384900000,301400000,0,1884000000,989500000,3711800000,-653900000
2012,SNI,12/31/2012,437525000,618416000,1696346000,40,30,588,452598000,36274000,0,1484276000,252629000,2307182000,0
2013,SNI,12/31/2013,686371000,674274000,1831515000,38,20,668,662574000,30412000,0,1861310000,278699000,2530809000,0
2014,SNI,12/31/2014,878164000,749792000,1886560000,37,20,181,79994000,920033000,0,2096330000,1156855000,2665456000,0
2015,SNI,12/31/2015,223444000,921052000,2030870000,37,20,177,305386000,568066000,0,1727881000,974649000,3018227000,0
2012,SO,12/31/2012,635000000,2145000000,7164000000,27,15,48,0,3160000000,0,6162000000,7014000000,16537000000,0
2013,SO,12/31/2013,659000000,2298000000,7270000000,19,10,60,0,1951000000,0,5614000000,5525000000,17087000000,0
2014,SO,12/31/2014,710000000,2293000000,7436000000,20,11,43,0,4270000000,0,5864000000,8961000000,18467000000,0
2015,SO,12/31/2015,1404000000,2395000000,7678000000,24,14,50,0,4206000000,0,6526000000,9129000000,17489000000,0
2012,SPG,12/31/2012,1184518000,1301304000,3455777000,47,40,,-3083190000,0,0,0,0,4256157000,-135781000
2013,SPG,12/31/2013,1691006000,1332950000,3705903000,48,34,,-3218686000,0,0,0,0,4543849000,-117897000
2014,SPG,12/31/2014,612282000,1285784000,3988015000,49,34,,-4208183000,0,0,0,0,4870818000,-103929000
2015,SPG,12/31/2015,701134000,1239214000,4305911000,51,41,,-4266930000,0,0,0,0,5266103000,-437134000
2013,SPGI,12/31/2013,1542000000,137000000,4702000000,29,29,124,7384000000,0,18000000,2941000000,2372000000,4702000000,-6746000000
2014,SPGI,12/31/2014,2497000000,134000000,5051000000,2,2,101,6946000000,0,3000000,3962000000,3920000000,5051000000,-6849000000
2015,SPGI,12/31/2015,1481000000,157000000,5313000000,36,22,113,7636000000,143000000,6000000,3296000000,2908000000,5313000000,-7729000000
,SPGI,12/31/2016,2392000000,181000000,5661000000,60,37,141,9210000000,0,8000000,3671000000,2611000000,5661000000,-8701000000
2012,SPLS,2/2/2013,1334302000,487313000,6491261000,2,1,88,6694207000,987161000,0,6200437000,4418625000,24380510000,-4888953000
2013,SPLS,2/1/2014,492532000,458000000,6032000000,5,3,86,7001755000,103982000,0,5239558000,3368450000,23114000000,-5229368000
2014,SPLS,1/31/2015,627000000,467000000,5801000000,1,1,85,6829000000,92000000,0,4951000000,3289000000,22492000000,-5419000000
2015,SPLS,1/30/2016,825000000,455000000,5514000000,3,2,93,6900000000,17000000,0,5112000000,3264000000,21059000000,-5419000000
2012,SRCL,12/31/2012,31324000,76283000,857305000,25,14,133,1463277000,87781000,503000,441286000,331060000,1913149000,0
2013,SRCL,12/31/2013,67167000,88408000,964634000,25,15,130,1610964000,150380000,413000,540265000,416184000,2142807000,0
2014,SRCL,12/31/2014,22236000,104616000,1094411000,22,13,120,1743371000,131969000,380000,551894000,460907000,2555601000,0
2015,SRCL,12/31/2015,55634000,127412000,1266185000,16,9,130,1868645000,161409000,69000,761828000,587349000,2985908000,0
2012,SRE,12/31/2012,521000000,1090000000,3001000000,16,9,77,8441000000,1348000000,0,3695000000,4258000000,9647000000,0
2013,SRE,12/31/2013,928000000,1113000000,3371000000,16,10,85,8827000000,1747000000,0,3997000000,4369000000,10557000000,0
2014,SRE,12/31/2014,581000000,1156000000,3346000000,16,11,75,9339000000,2257000000,0,4184000000,5069000000,11035000000,0
2015,SRE,12/31/2015,430000000,1250000000,3583000000,19,13,56,9994000000,1585000000,0,2891000000,4612000000,10231000000,0
2012,STI,12/31/2012,36437000000,757000000,0,0,17,,10817000000,5494000000,0,0,0,11240000000,-590000000
2013,STI,12/31/2013,32845000000,708000000,0,0,16,,11936000000,8739000000,0,0,0,8602000000,-615000000
2014,STI,12/31/2014,34999000000,693000000,0,0,20,,13295000000,9186000000,0,0,0,8707000000,-1032000000
2015,STI,12/31/2015,33424000000,786000000,0,0,23,,14686000000,4627000000,0,0,0,8533000000,-1658000000
2013,STT,12/31/2013,1.91E+11,675000000,0,0,20,,13395000000,11752000000,0,0,0,10275000000,-3693000000
2014,STT,12/31/2014,2.11E+11,699000000,0,0,19,,14737000000,13327000000,0,0,0,10666000000,-5158000000
2015,STT,12/31/2015,1.81E+11,801000000,0,0,18,,16049000000,6253000000,0,0,0,10760000000,-6457000000
,STT,12/31/2016,1.72E+11,929000000,0,0,20,,17459000000,5985000000,0,0,0,10635000000,-7682000000
2013,STX,6/28/2013,1809000000,873000000,3940000000,15,13,175,-1778000000,3000000,480000000,5412000000,2611000000,14351000000,0
2014,STX,6/27/2014,2638000000,879000000,3846000000,13,11,200,-2677000000,0,20000000,5777000000,2398000000,13724000000,0
2015,STX,7/3/2015,2479000000,841000000,3809000000,15,13,195,-2686000000,0,6000000,5568000000,2343000000,13739000000,0
2016,STX,7/1/2016,1125000000,815000000,2615000000,4,2,118,-4311000000,0,6000000,3533000000,2249000000,11160000000,0
2013,STZ,2/28/2013,331500000,120200000,1108300000,19,14,146,2495100000,27600000,0,2471200000,677900000,2796100000,-1676700000
2014,STZ,2/28/2014,63900000,166900000,1991700000,50,40,50,4438200000,647200000,0,2747200000,2025700000,4867700000,-1662300000
2015,STZ,2/28/2015,110100000,214200000,2578600000,25,14,96,5277500000,210500000,0,2910800000,1130700000,6028000000,-1648500000
2016,STZ,2/29/2016,83100000,233000000,2942300000,27,16,50,6090500000,1265000000,0,2977600000,2272300000,6548400000,-1670300000
2013,SWK,12/28/2013,496200000,441300000,3903700000,7,4,79,3484900000,402600000,0,4016600000,3236000000,10889500000,-1454400000
2014,SWK,1/3/2015,496600000,449800000,4102700000,11,7,84,3926300000,7500000,0,3948800000,2832000000,11338600000,-1352800000
2015,SWK,1/2/2016,465400000,414000000,4072000000,12,8,76,4491700000,7600000,0,3662100000,2802600000,11171800000,-1815000000
,SWK,12/31/2016,1131800000,408000000,4267200000,12,8,118,5127300000,12100000,0,4788500000,2807500000,11406900000,-2029900000
2013,SWKS,9/27/2013,511100000,103400000,766600000,19,16,470,378900000,0,0,1073300000,179700000,1792000000,-365300000
2014,SWKS,10/3/2014,805800000,122700000,1022700000,25,20,389,794900000,0,0,1429200000,297600000,2291500000,-553100000
2015,SWKS,10/2/2015,1043600000,195800000,1554500000,31,24,355,1469200000,0,0,1914700000,463900000,3258400000,-844600000
2016,SWKS,9/30/2016,1083800000,247800000,1665200000,34,30,751,2263600000,0,0,2002100000,210200000,3289000000,-1443500000
2012,SWN,12/31/2012,62125000,815000000,2485000000,40,26,102,1949150000,0,0,808912000,767771000,2730000000,-1532000
2013,SWN,12/31/2013,23000000,791000000,3043000000,36,21,88,2653000000,8000000,0,644000000,688000000,3371000000,0
2014,SWN,12/31/2014,53000000,952000000,3611000000,34,23,20,3577000000,4510000000,0,1115000000,5428000000,4038000000,0
,SWN,12/31/2015,15000000,1145000000,2444000000,208,145,55,-1082000000,4000000,0,393000000,707000000,3133000000,-1000000
,SYF,12/31/2012,1527000000,83000000,0,0,20,,0,17208000000,0,0,0,10793000000,0
,SYF,12/31/2013,2555000000,104000000,0,0,17,,0,15362000000,0,0,0,11813000000,0
2014,SYF,12/31/2014,13426000000,131000000,0,0,17,,1079000000,14967000000,0,0,0,12727000000,0
2015,SYF,12/31/2015,15467000000,174000000,0,0,16,,3293000000,13603000000,0,0,0,13620000000,0
2013,SYK,12/31/2013,1339000000,307000000,6019000000,14,11,260,7617000000,25000000,2641000000,8335000000,2657000000,9021000000,0
2014,SYK,12/31/2014,1795000000,378000000,6356000000,13,5,159,7559000000,727000000,3205000000,8684000000,4461000000,9675000000,0
2015,SYK,12/31/2015,3379000000,397000000,6602000000,19,14,180,7792000000,768000000,700000000,7943000000,3502000000,9946000000,0
,SYK,12/31/2016,3316000000,546000000,7495000000,19,15,185,8842000000,228000000,68000000,7861000000,3148000000,11325000000,0
2013,SYMC,3/29/2013,4685000000,698000000,5731000000,16,11,115,-2046000000,997000000,62000000,6416000000,5567000000,6906000000,0
2014,SYMC,3/28/2014,3707000000,374000000,3392000000,3,21,131,-1148000000,0,377000000,5652000000,4306000000,4183000000,0
2015,SYMC,4/3/2015,2843000000,355000000,3229000000,4,22,122,-270000000,350000000,1017000000,5422000000,4453000000,3956000000,0
2016,SYMC,4/1/2016,5983000000,304000000,2985000000,13,69,173,-655000000,0,42000000,6959000000,4033000000,3600000000,0
2013,SYY,6/29/2013,412285000,512548000,7996607000,4,2,104,8512786000,248933000,0,6221688000,3662624000,44411233000,-4698838000
2014,SYY,6/28/2014,413046000,556062000,8181035000,3,2,93,8770751000,375752000,0,6681972000,4367630000,46516712000,-4765786000
2015,SYY,6/27/2015,5130044000,580964000,8551516000,3,1,94,8751985000,5050052000,0,11494304000,9399615000,48680752000,-4547738000
2016,SYY,7/2/2016,3919300000,707847000,9040472000,4,2,167,9006138000,98472000,0,10053899000,4434456000,50366919000,-6214727000
2012,T,12/31/2012,4868000000,18143000000,72206000000,10,6,71,22481000000,3486000000,0,22706000000,31787000000,1.27E+11,-32888000000
2013,T,12/31/2013,3339000000,18395000000,77561000000,24,14,66,31141000000,5498000000,0,23196000000,34995000000,1.29E+11,-45619000000
2014,T,12/31/2014,8603000000,18273000000,72302000000,9,5,90,31081000000,6056000000,0,33606000000,37282000000,1.32E+11,-47029000000
2015,T,12/31/2015,5121000000,22016000000,79755000000,17,9,75,33671000000,7636000000,0,35992000000,47816000000,1.47E+11,-12592000000
2013,TAP,12/31/2013,442300000,340800000,1660500000,19,13,62,4199500000,586900000,0,1537700000,2161400000,4206100000,-321100000
2014,TAP,12/31/2014,624600000,320000000,1653000000,18,12,59,4439900000,849000000,0,1577100000,2324900000,4146300000,-321100000
2015,TAP,12/31/2015,430900000,325500000,1404000000,15,10,89,4496000000,28700000,0,1258800000,1217200000,3567500000,-471400000
,TAP,12/31/2016,560900000,454900000,1881900000,68,40,50,6119000000,684800000,0,2169600000,3157500000,4885000000,-471400000
2012,TDC,12/31/2012,729000000,126000000,1491000000,22,16,184,1656000000,0,0,1534000000,806000000,2665000000,-806000000
2013,TDC,12/31/2013,695000000,147000000,1473000000,20,14,194,2033000000,26000000,0,1563000000,776000000,2692000000,-1184000000
2014,TDC,12/31/2014,834000000,169000000,1479000000,18,13,154,656000000,273000000,0,1572000000,995000000,2732000000,0
2015,TDC,12/31/2015,839000000,170000000,1276000000,8,8,177,-204000000,210000000,0,1734000000,953000000,2530000000,0
2013,TDG,9/30/2013,564740000,85448000,1049562000,39,16,281,-1004244000,31045000,0,1320495000,322500000,1924400000,-16088000
2014,TDG,9/30/2014,819548000,110320000,1267874000,39,13,210,-2150293000,239295000,0,1689576000,585907000,2372906000,-175940000
2015,TDG,9/30/2015,714033000,109460000,1449845000,40,17,182,-1717232000,243219000,0,1786587000,657594000,2707115000,-175940000
2016,TDG,9/30/2016,1586994000,137881000,1728063000,40,18,293,-1146963000,252416000,0,2930697000,752603000,3171411000,-384270000
2013,TEL,9/27/2013,1403000000,536000000,3651000000,12,11,116,2472000000,711000000,0,6309000000,3924000000,11390000000,-720000000
2014,TEL,9/26/2014,2457000000,551000000,3972000000,15,15,185,4253000000,577000000,0,8879000000,3993000000,11973000000,-644000000
2015,TEL,9/25/2015,3329000000,616000000,4087000000,14,20,175,6673000000,498000000,0,7885000000,3575000000,12233000000,-1256000000
2016,TEL,9/30/2016,647000000,585000000,4033000000,16,16,104,8682000000,331000000,0,4775000000,3066000000,12238000000,-1624000000
2012,TGNA,12/30/2012,175030000,194039000,2409350000,15,8,109,7514858000,0,0,1072720000,934516000,5353197000,-5355037000
2013,TGNA,12/29/2013,469203000,189572000,940354000,19,24,186,7720903000,5890000,0,1923485000,1007192000,1603123000,-5410537000
,TGNA,12/31/2014,110305000,265724000,1671151000,27,40,116,8602369000,7854000,0,1313063000,1133453000,2626141000,-5439511000
2015,TGNA,12/31/2015,129200000,262244000,2127609000,30,15,133,7111129000,646000,0,805159000,606783000,3050945000,-5652131000
2012,TGT,2/2/2013,784000000,2044000000,22733000000,8,4,60,13155000000,2994000000,0,16388000000,14031000000,73301000000,0
2013,TGT,2/1/2014,670000000,1996000000,21240000000,7,3,26,12599000000,1143000000,0,11573000000,12777000000,71279000000,0
2014,TGT,1/31/2015,2210000000,2129000000,21340000000,6,2,46,9644000000,91000000,0,13624000000,11736000000,72618000000,0
2015,TGT,1/30/2016,4046000000,2213000000,21788000000,7,5,44,8188000000,815000000,0,14130000000,12622000000,73785000000,0
2012,TIF,1/31/2013,504838000,152837000,2163284000,18,11,156,1671341000,194034000,1363000,3151589000,586592000,3794249000,0
2013,TIF,1/31/2014,345778000,171100000,2340400000,8,5,129,1682398000,252365000,21257000,3228388000,696740000,4031100000,0
2014,TIF,1/31/2015,730000000,185000000,2537200000,21,11,174,1950700000,234000000,1500000,3508800000,658000000,4249900000,0
2015,TIF,1/31/2016,843600000,194200000,2491300000,19,11,176,2012500000,305800000,43000000,3508400000,729900000,4104900000,0
2013,TJX,2/2/2013,1811957000,508929000,7356972000,12,7,72,3155427000,0,235853000,5711543000,3760596000,25878372000,0
2014,TJX,2/1/2014,2149746000,548823000,7817659000,12,8,88,3724408000,0,294702000,6067998000,3517843000,27422696000,0
2015,TJX,1/31/2015,2493775000,588975000,8301885000,12,8,85,4133882000,0,282623000,6577444000,3929634000,29078407000,0
2016,TJX,1/30/2016,2095473000,616696000,8910415000,12,7,70,4311051000,0,352313000,6772560000,4402230000,30944938000,0
2012,TMK,12/31/2012,61710000,385167000,1633834000,21,15,,3403338000,319043000,94860000,0,0,3589516000,-512421000
2013,TMK,12/31/2013,36943000,400869000,1655487000,22,15,,3495533000,229070000,76890000,0,0,3494253000,-543448000
2014,TMK,12/31/2014,66019000,415914000,1716711000,22,15,,3376846000,238398000,15882000,0,0,3620095000,-268663000
2015,TMK,12/31/2015,61383000,445625000,1749853000,20,14,,3614369000,490129000,54766000,0,0,3766065000,-403266000
2012,TMO,12/31/2012,805600000,983700000,5295500000,12,9,162,7697300000,93100000,4300000,4834800000,2093300000,12509900000,-2996800000
2013,TMO,12/31/2013,5826000000,999900000,5529100000,12,10,268,8753300000,987700000,4500000,9880700000,3126000000,13090300000,-412200000
2014,TMO,12/31/2014,1343500000,1684800000,7492000000,15,11,87,10406900000,2212400000,0,6539800000,5349800000,16889600000,-455900000
2015,TMO,12/31/2015,452100000,1688200000,7755900000,14,12,90,12142300000,1052800000,0,5741200000,4147300000,16965400000,-1007900000
2012,TRIP,12/31/2012,367515000,28000000,751000000,39,25,323,196438000,72145000,118970000,632494000,195640000,763000000,0
2013,TRIP,12/31/2013,351000000,36000000,927000000,31,22,259,402000000,68000000,131000000,630000000,243000000,945000000,-145000000
2014,TRIP,12/31/2014,455000000,65000000,1206000000,27,18,193,628000000,78000000,108000000,737000000,381000000,1246000000,-145000000
2015,TRIP,12/31/2015,614000000,93000000,1434000000,16,13,277,826000000,1000000,47000000,865000000,312000000,1492000000,-92000000
2013,TRV,12/31/2013,294000000,4688000000,12884000000,19,14,,24291000000,0,3882000000,0,0,26191000000,-21805000000
2014,TRV,12/31/2014,374000000,4746000000,13304000000,19,14,,27251000000,0,4364000000,0,0,27174000000,-25138000000
2015,TRV,12/31/2015,380000000,4703000000,13092000000,18,13,,29945000000,0,4671000000,0,0,26815000000,-28362000000
,TRV,12/31/2016,307000000,4811000000,12555000000,15,11,,32196000000,0,4865000000,0,0,27625000000,-30834000000
2012,TSCO,12/29/2012,147030000,88975000,1566054000,9,6,40,1371733000,38000,0,1130052000,560505000,4664120000,-709172000
2013,TSCO,12/28/2013,142743000,100025000,1753609000,10,6,43,1631483000,42000,0,1209248000,532141000,5164784000,-838588000
2014,TSCO,12/27/2014,51134000,114635000,1950415000,10,6,26,1918307000,213000,0,1273990000,603093000,5711715000,-1137085000
2015,TSCO,12/26/2015,63813000,123569000,2143174000,10,7,30,2225601000,878000,0,1485431000,671284000,6226507000,-1429790000
,TSN,10/3/2013,1145000000,519000000,2358000000,4,2,93,4999000000,513000000,0,5604000000,3010000000,34374000000,-1021000000
,TSN,10/3/2014,438000000,530000000,2685000000,4,2,78,5748000000,643000000,0,6221000000,3797000000,37580000000,-1010000000
2015,TSN,10/3/2015,688000000,711000000,3917000000,5,3,71,6813000000,715000000,0,5381000000,3535000000,41373000000,-1381000000
2016,TSN,10/1/2016,349000000,705000000,4697000000,8,5,78,8348000000,79000000,0,4888000000,2762000000,36881000000,-3093000000
2012,TSO,12/31/2012,1639000000,457000000,3764000000,5,2,114,3649000000,3000000,0,4636000000,2881000000,29809000000,-356000000
2013,TSO,12/31/2013,1238000000,504000000,3516000000,2,1,81,3940000000,0,0,5326000000,3408000000,37601000000,-798000000
2014,TSO,12/31/2014,1000000000,577000000,4960000000,4,2,77,4642000000,0,0,5074000000,3430000000,40633000000,-1320000000
2015,TSO,12/31/2015,942000000,772000000,6245000000,10,5,79,5954000000,0,0,4307000000,2530000000,28711000000,-2009000000
2012,TSS,12/31/2012,247612000,170908000,604216000,20,14,249,1549063000,40624000,0,574726000,230519000,1793557000,-287301000
2013,TSS,12/31/2013,247700000,212845000,694867000,19,12,220,1718204000,56919000,0,653933000,297215000,2064305000,-326996000
2014,TSS,12/31/2014,289183000,250218000,777985000,18,13,233,1966370000,50911000,0,690553000,296513000,2446877000,-453230000
2015,TSS,12/31/2015,389328000,260502000,924360000,19,13,260,2256058000,53832000,0,882902000,339218000,2779541000,-641664000
2012,TXN,12/31/2012,1416000000,1401000000,6368000000,15,14,189,27205000000,1500000000,2549000000,8230000000,3430000000,12825000000,-18462000000
2013,TXN,12/31/2013,1627000000,1297000000,6364000000,23,18,229,28173000000,1000000000,2202000000,8019000000,2747000000,12205000000,-19790000000
2014,TXN,12/31/2014,1199000000,1230000000,7427000000,30,22,212,29653000000,1001000000,2342000000,7421000000,2658000000,13045000000,-21840000000
2015,TXN,12/31/2015,1000000000,1133000000,7560000000,33,23,211,31176000000,1000000000,2218000000,7074000000,2555000000,13000000000,-24068000000
2012,TXT,12/29/2012,1413000000,383000000,2218000000,9,5,77,3824000000,535000000,0,5424000000,3512000000,12237000000,-275000000
2013,TXT,12/28/2013,1211000000,389000000,1973000000,7,4,88,4045000000,8000000,0,5620000000,3003000000,12104000000,0
2014,TXT,1/3/2015,822000000,459000000,2457000000,8,4,60,4623000000,8000000,0,6105000000,3638000000,13878000000,-340000000
2015,TXT,1/2/2016,1005000000,461000000,2444000000,8,5,63,5298000000,262000000,0,6537000000,3792000000,13423000000,-559000000
2012,UA,12/31/2012,341841000,43082000,879297000,11,7,232,493181000,9132000,0,903598000,252228000,1834921000,0
2013,UA,12/31/2013,347489000,50549000,1136670000,11,7,155,653842000,104972000,0,1128811000,426630000,2332051000,0
2014,UA,12/31/2014,593175000,72093000,1512206000,11,7,240,856687000,28951000,0,1549399000,421627000,3084370000,0
2015,UA,12/31/2015,129852000,100940000,1905547000,10,6,149,1076533000,42000000,0,1498763000,478810000,3963313000,0
,UAA,12/31/2012,341841000,43082000,879297000,11,7,232,493181000,9132000,0,903598000,252228000,1834921000,0
,UAA,12/31/2013,347489000,50549000,1136670000,11,7,155,653842000,104972000,0,1128811000,426630000,2332051000,0
,UAA,12/31/2014,593175000,72093000,1512206000,11,7,240,856687000,28951000,0,1549399000,421627000,3084370000,0
,UAA,12/31/2015,129852000,100940000,1905547000,10,6,149,1076533000,42000000,0,1498763000,478810000,3963313000,0
2012,UAL,12/31/2012,4835000000,1522000000,19332000000,0,2,73,-5586000000,1934000000,1773000000,10049000000,12818000000,37152000000,-35000000
2013,UAL,12/31/2013,3251000000,1689000000,21087000000,3,1,66,-5015000000,1485000000,1901000000,8702000000,12107000000,38279000000,-38000000
2014,UAL,12/31/2014,3156000000,1679000000,22290000000,6,3,55,-3883000000,2117000000,2382000000,7547000000,12508000000,38901000000,-367000000
2015,UAL,12/31/2015,3058000000,1819000000,25734000000,14,19,57,3457000000,1483000000,2190000000,7828000000,12414000000,37864000000,-1610000000
2012,UDR,12/31/2012,35676000,354505000,471296000,9,30,,-1143781000,25025000,0,0,0,716612000,0
2013,UDR,12/31/2013,53045000,357762000,500314000,15,6,,-1342070000,27203000,0,0,0,758926000,0
2014,UDR,12/31/2014,37564000,377883000,547305000,15,19,,-1528917000,34064000,0,0,0,818046000,0
2015,UDR,12/31/2015,27540000,399294000,612601000,18,38,,-1584459000,36330000,0,0,0,894638000,0
2012,UHS,12/31/2012,23471000,308690000,6961400000,14,6,146,2962433000,2589000,0,1407496000,894058000,6961400000,0
2013,UHS,12/31/2013,17238000,337356000,7367873000,14,7,126,3499337000,99312000,0,1432329000,1059888000,7367873000,0
2014,UHS,12/31/2014,32069000,375624000,8205088000,13,7,127,4015387000,68319000,0,1615138000,1182827000,8205088000,0
2015,UHS,12/31/2015,61228000,398618000,9043451000,14,8,146,4566521000,62722000,0,1718304000,1100406000,9043451000,0
2013,ULTA,2/2/2013,320475000,88233000,783674000,13,8,194,296861000,0,0,789324000,221067000,2220256000,-7494000
,ULTA,2/2/2014,419476000,106283000,941248000,12,8,204,462378000,0,0,1002697000,266811000,2670573000,-8125000
2015,ULTA,1/31/2015,389149000,131764000,1136787000,13,8,189,679593000,0,150209000,1260355000,359594000,3241369000,-9713000
,ULTA,1/31/2016,345840000,165049000,1384333000,13,8,155,832215000,0,130000000,1375173000,396227000,3924116000,-11685000
2013,UNH,12/31/2013,7276000000,1375000000,32830000000,8,5,,33047000000,1969000000,1937000000,0,0,1.22E+11,0
2014,UNH,12/31/2014,7495000000,1478000000,36841000000,8,4,,33836000000,1399000000,1741000000,0,0,1.30E+11,0
2015,UNH,12/31/2015,10923000000,1693000000,53232000000,7,4,,37125000000,6634000000,1988000000,0,0,1.57E+11,0
,UNH,12/31/2016,10430000000,2055000000,67802000000,7,4,,40945000000,7193000000,2845000000,0,0,1.85E+11,0
2012,UNM,12/31/2012,77300000,84300000,3343300000,12,9,,7371600000,455800000,1460300000,0,0,10515400000,-2030700000
2013,UNM,12/31/2013,94100000,84800000,3330200000,12,8,,8083200000,0,913400000,0,0,10368600000,-2349300000
2014,UNM,12/31/2014,102500000,87900000,2802400000,5,4,,7302300000,151900000,974300000,0,0,10524500000,-1198200000
2015,UNM,12/31/2015,112900000,99500000,3521900000,12,8,,7995200000,352400000,807300000,0,0,10731300000,-1624900000
2013,UNP,12/31/2013,1432000000,1777000000,16114000000,34,20,88,23901000000,705000000,0,3990000000,3791000000,21963000000,-8910000000
2014,UNP,12/31/2014,1586000000,1904000000,17891000000,36,22,98,27367000000,461000000,0,4401000000,3764000000,23988000000,-12064000000
2015,UNP,12/31/2015,1391000000,2012000000,17379000000,37,22,106,30233000000,594000000,0,4130000000,3206000000,21813000000,-15529000000
,UNP,12/31/2016,1277000000,2038000000,16194000000,36,21,79,32587000000,758000000,60000000,3596000000,3640000000,19941000000,-18581000000
2012,UPS,12/31/2012,7327000000,1858000000,40553000000,2,1,186,7997000000,1781000000,597000000,15591000000,8390000000,54127000000,-78000000
2013,UPS,12/31/2013,4665000000,1867000000,41735000000,13,8,188,6925000000,48000000,580000000,13387000000,7131000000,55438000000,-69000000
2014,UPS,12/31/2014,2291000000,1923000000,43474000000,9,5,130,5726000000,1471000000,992000000,11218000000,8621000000,58232000000,-59000000
2015,UPS,12/31/2015,2730000000,2084000000,45416000000,13,8,123,6001000000,3735000000,1996000000,13208000000,10696000000,58363000000,-51000000
2013,URBN,1/31/2013,245327000,118664000,1031531000,13,8,236,1315079000,0,228486000,872284000,250195000,2794925000,0
2014,URBN,1/31/2014,242058000,132664000,1161342000,14,9,206,1597439000,0,281813000,994980000,331830000,3086608000,0
2015,URBN,1/31/2015,154558000,138110000,1174930000,11,7,127,1343383000,0,104246000,809117000,353740000,3323077000,0
2016,URBN,1/31/2016,265276000,142722000,1201902000,10,7,153,1160666000,0,61061000,834361000,329231000,3445134000,0
,USB,7/31/2013,224138000,64290000,847127000,14,10,172,532307000,107854000,99750000,1055662000,476435000,2436948000,0
,USB,7/31/2014,296418000,67200000,877800000,14,11,159,702435000,187041000,127201000,1225277000,609580000,2473500000,0
,USB,7/31/2015,189900000,74300000,808600000,12,9,137,815200000,189100000,27500000,1030700000,560600000,2371200000,-654500000
,USB,7/31/2016,243200000,74900000,754800000,12,9,143,905100000,216700000,0,1009700000,543800000,2220300000,-707000000
2013,UTX,12/31/2013,4619000000,1735000000,16132000000,15,10,84,40539000000,500000000,0,29442000000,22800000000,56600000000,-20431000000
2014,UTX,12/31/2014,5229000000,1820000000,17002000000,17,11,102,44611000000,1917000000,0,31483000000,23475000000,57900000000,-21922000000
2015,UTX,12/31/2015,7075000000,1863000000,15667000000,13,14,82,49956000000,1105000000,0,26706000000,22618000000,56098000000,-30907000000
,UTX,12/31/2016,7157000000,1962000000,15784000000,14,9,91,52873000000,2204000000,0,28550000000,21906000000,57244000000,-34150000000
2013,V,9/30/2013,2235000000,2718000000,9846000000,61,42,180,7974000000,1225000000,2069000000,7822000000,4335000000,11778000000,0
2014,V,9/30/2014,3469000000,435000000,10827000000,61,43,159,9131000000,1332000000,1979000000,9562000000,6006000000,12702000000,0
2015,V,9/30/2015,4590000000,494000000,11801000000,65,46,187,11843000000,780000000,2497000000,10021000000,5355000000,13880000000,0
2016,V,9/30/2016,6646000000,502000000,12856000000,52,40,178,10462000000,2084000000,3319000000,14313000000,8046000000,15082000000,-170000000
2013,VAR,9/27/2013,1117861000,62859000,1249687000,21,15,187,1010343000,56250000,62700000,2704783000,1160579000,2942897000,0
2014,VAR,9/26/2014,849275000,62500000,1301700000,19,13,160,931241000,50000000,66176000,2494165000,1201654000,3049800000,0
2015,VAR,10/2/2015,845500000,68500000,1282700000,18,13,129,1017800000,158400000,0,2393000000,1376700000,3099100000,0
2016,VAR,9/30/2016,843500000,79800000,1361300000,17,13,122,1069000000,379600000,95300000,2616000000,1614000000,3217800000,0
,VFC,12/31/2012,597461000,237956000,5061975000,13,10,121,2941447000,415432000,0,3449583000,1732212000,10879855000,0
,VFC,12/31/2013,776403000,253273000,5488179000,14,11,158,3432090000,23977000,0,3882982000,1568001000,11419648000,0
2014,VFC,1/3/2015,971895000,274883000,5993971000,12,9,158,3231753000,25797000,0,4031569000,1614065000,12282161000,0
2015,VFC,1/2/2016,945605000,272075000,5982944000,13,10,131,3128731000,462869000,0,4163136000,1941713000,12376744000,0
2013,VIAB,9/30/2013,2403000000,4608000000,6995000000,28,17,157,11629000000,18000000,0,6726000000,3790000000,13794000000,-15825000000
2014,VIAB,9/30/2014,1000000000,4423000000,7241000000,30,17,112,13465000000,18000000,0,5252000000,3935000000,13783000000,-19225000000
2015,VIAB,9/30/2015,506000000,5147000000,6400000000,23,14,98,14780000000,18000000,0,4578000000,3853000000,13268000000,-20725000000
2016,VIAB,9/30/2016,379000000,4789000000,5804000000,20,12,100,15628000000,17000000,0,4522000000,3672000000,12488000000,-20798000000
2012,VLO,12/31/2012,1723000000,1574000000,11908000000,4,2,88,17032000000,586000000,0,16460000000,11929000000,1.38E+11,-6437000000
2013,VLO,12/31/2013,4292000000,1720000000,10758000000,3,2,103,18970000000,303000000,0,19277000000,13123000000,1.38E+11,-7054000000
2014,VLO,12/31/2014,3689000000,1690000000,12703000000,5,3,100,22046000000,606000000,0,16614000000,9980000000,1.31E+11,-8125000000
2015,VLO,12/31/2015,4114000000,1842000000,13153000000,7,5,123,25188000000,127000000,0,14972000000,7360000000,87804000000,-10799000000
2012,VMC,12/31/2012,275478000,331959000,334026000,3,2,149,1276649000,150602000,0,984972000,436411000,2567310000,0
2013,VMC,12/31/2013,193738000,307108000,426880000,7,1,203,1295834000,170000,0,951496000,299135000,2770709000,0
2014,VMC,12/31/2014,141273000,279497000,587582000,18,7,132,1471845000,150137000,0,920469000,451878000,2994169000,0
2015,VMC,12/31/2015,285210000,274823000,857533000,16,6,209,1618507000,130000,0,1084591000,353479000,3422181000,0
2013,VNO,12/31/2013,845730000,509122000,1370611000,29,21,,-1734839000,0,0,0,0,2299176000,0
2014,VNO,12/31/2014,1374681000,536622000,1358901000,30,37,,-1505385000,0,0,0,0,2312512000,0
2015,VNO,12/31/2015,1943506000,487154000,1491018000,30,30,,-1766780000,0,0,0,0,2502267000,0
,VNO,12/31/2016,1599322000,542068000,1481866000,22,36,,-1419382000,0,0,0,0,2506202000,0
2012,VRSK,12/31/2012,89819000,106536000,891140000,41,23,67,905727000,195263000,4883000,390559000,585350000,1407848000,-1605376000
2013,VRSK,12/31/2013,165801000,137291000,973180000,38,22,110,1254107000,4448000,3911000,474845000,431179000,1595703000,-1864967000
2014,VRSK,12/31/2014,39359000,146121000,1030128000,38,23,50,1654149000,336058000,3801000,384483000,771270000,1746726000,-2533764000
2015,VRSK,12/31/2015,138348000,228383000,1264736000,36,25,41,2161726000,874811000,3576000,604569000,1479257000,2068010000,-2571190000
2012,VRSN,12/31/2012,130736000,54819000,705992000,52,37,236,-19900545000,0,1425700000,1643464000,695018000,873592000,0
2013,VRSN,12/31/2013,339223000,70403000,778074000,55,56,89,-19356095000,624056000,1384062000,1803199000,2029186000,965087000,0
2014,VRSN,12/31/2014,191608000,74568000,821692000,56,35,103,-19000835000,620620000,1233076000,1479790000,1432205000,1010117000,0
2015,VRSN,12/31/2015,228659000,73783000,866578000,57,35,131,-18625599000,634326000,1686771000,1967924000,1502980000,1059366000,0
2012,VRTX,12/31/2012,559390000,38191000,1247157000,3,7,360,-3521867000,13707000,831808000,1589585000,432624000,1527042000,0
2013,VRTX,12/31/2013,569299000,48365000,1081698000,50,37,396,-3966895000,16893000,895777000,1588576000,397829000,1211975000,0
2014,VRTX,12/31/2014,633677000,63257000,519428000,119,127,412,-4705450000,32012000,761847000,1546511000,368254000,580415000,0
2015,VRTX,12/31/2015,793678000,62343000,907824000,45,54,267,-5261784000,87023000,327694000,1407153000,506349000,1032336000,0
2013,VTR,12/31/2013,94816000,737343000,1396355000,24,18,,-1126541000,0,84657000,0,0,2514595000,-221917000
2014,VTR,12/31/2014,55348000,809284000,1560070000,23,17,,-1526388000,0,71771000,0,0,2772550000,-511000
2015,VTR,12/31/2015,53023000,954982000,1875141000,22,13,,-2111958000,0,77896000,0,0,3285346000,-2567000
,VTR,12/31/2016,286707000,888945000,2000573000,27,19,,-2487695000,0,80647000,0,0,3442646000,-47000
2012,VZ,12/31/2012,3093000000,16460000000,69571000000,11,1,75,-3734000000,4369000000,470000000,21235000000,26956000000,1.16E+11,-4071000000
2013,VZ,12/31/2013,53528000000,16606000000,75663000000,27,10,259,1782000000,3933000000,601000000,70994000000,27050000000,1.21E+11,-3961000000
2014,VZ,12/31/2014,10598000000,16533000000,77148000000,15,8,101,2447000000,2735000000,555000000,29499000000,27987000000,1.27E+11,-3263000000
2015,VZ,12/31/2015,4470000000,16017000000,79063000000,25,14,60,11246000000,6489000000,350000000,22280000000,35052000000,1.32E+11,-7416000000
2012,WAT,12/31/2012,481035000,68831000,1106027000,28,25,402,3512890000,132781000,1057990000,2257726000,504242000,1843641000,-3176179000
2013,WAT,12/31/2013,440796000,79695000,1120762000,27,24,475,3962893000,133346000,1362874000,2556255000,487532000,1904218000,-3477759000
2014,WAT,12/31/2014,422177000,94231000,1164431000,26,22,443,4394513000,225230000,1633211000,2817044000,580486000,1989344000,-3815203000
2015,WAT,12/31/2015,487665000,89987000,1199660000,28,23,523,4863566000,175309000,1911598000,3213533000,564076000,2042332000,-4149908000
2013,WDC,6/28/2013,4309000000,1233000000,4363000000,8,6,161,6749000000,230000000,0,7598000000,3973000000,15351000000,-1012000000
2014,WDC,6/27/2014,4804000000,1244000000,4360000000,12,11,195,8066000000,125000000,284000000,8720000000,3845000000,15130000000,-1570000000
2015,WDC,7/3/2015,5024000000,1114000000,4221000000,11,10,221,9107000000,407000000,262000000,8513000000,3238000000,14572000000,-2299000000
2016,WDC,7/1/2016,8151000000,1190000000,3435000000,4,2,150,8848000000,3334000000,227000000,12584000000,6949000000,12994000000,-2238000000
2012,WEC,12/31/2012,35600000,371700000,1485900000,24,13,63,0,806700000,0,1272600000,1441400000,4246400000,0
2013,WEC,12/31/2013,26000000,396000000,1536900000,24,13,82,0,879600000,0,1551100000,1496400000,4519000000,0
2014,WEC,12/31/2014,61900000,417000000,1625300000,22,12,53,4117000000,1041700000,0,1292700000,1668700000,4997100000,0
2015,WEC,12/31/2015,49800000,583500000,1976700000,21,11,56,4299800000,1252700000,0,2206800000,2709000000,5926100000,0
2012,WFC,12/31/2012,4.52E+11,2807000000,0,0,21,,77679000000,57175000000,0,0,0,91247000000,-6610000000
2013,WFC,12/31/2013,5.61E+11,3293000000,0,0,25,,92361000000,53883000000,0,0,0,88069000000,-8104000000
2014,WFC,12/31/2014,6.69E+11,2515000000,0,0,26,,1.07E+11,63518000000,0,0,0,88372000000,-13690000000
2015,WFC,12/31/2015,7.14E+11,3288000000,0,0,25,,1.21E+11,97528000000,0,0,0,90033000000,-18867000000
2013,WFM,9/29/2013,401000000,370000000,4629000000,7,4,144,1265000000,1000000,733000000,1980000000,1088000000,12917000000,-153000000
2014,WFM,9/28/2014,299000000,404000000,5044000000,7,4,105,1668000000,2000000,553000000,1756000000,1257000000,14194000000,-711000000
2015,WFM,9/27/2015,364000000,456000000,5416000000,6,3,83,2017000000,3000000,155000000,1544000000,1252000000,15389000000,-1124000000
2016,WFM,9/25/2016,473000000,499000000,5411000000,5,3,109,2349000000,3000000,379000000,1975000000,1341000000,15724000000,-2026000000
2013,WHR,12/31/2013,1380000000,540000000,3298000000,7,4,68,5784000000,617000000,0,7022000000,6794000000,18769000000,-2124000000
2014,WHR,12/31/2014,1026000000,560000000,3395000000,6,3,64,6209000000,803000000,0,8098000000,8403000000,19872000000,-2149000000
2015,WHR,12/31/2015,772000000,668000000,3690000000,6,4,55,6722000000,528000000,0,6874000000,7744000000,20891000000,-2399000000
,WHR,12/31/2016,1085000000,655000000,3682000000,7,4,62,7314000000,594000000,0,7339000000,7662000000,20718000000,-2924000000
2012,WLTW,12/31/2012,500000000,554000000,3480000000,6,13,,1427000000,15000000,0,0,0,3480000000,-3000000
2013,WLTW,12/31/2013,796000000,155000000,3655000000,18,10,,1595000000,0,0,0,0,3655000000,-3000000
2014,WLTW,12/31/2014,635000000,156000000,3802000000,17,10,,1530000000,167000000,0,0,0,3802000000,-3000000
2015,WLTW,12/31/2015,532000000,182000000,3829000000,11,10,,1597000000,988000000,0,0,0,3829000000,-3000000
2013,WM,12/31/2013,58000000,1410000000,4871000000,8,1,77,6289000000,726000000,177000000,2499000000,3014000000,13983000000,-5338000000
2014,WM,12/31/2014,1307000000,1394000000,4994000000,16,9,98,6888000000,1090000000,0,3526000000,3485000000,13996000000,-5636000000
2015,WM,12/31/2015,39000000,1335000000,4730000000,16,6,90,6939000000,253000000,0,2345000000,2510000000,12961000000,-6300000000
,WM,12/31/2016,32000000,1392000000,5123000000,17,9,82,7388000000,417000000,0,2376000000,2794000000,13609000000,-6867000000
2012,WMB,12/31/2012,839000000,792000000,2963000000,22,11,113,-5695000000,1000000,0,1924000000,1549000000,7486000000,-1041000000
2013,WMB,12/31/2013,681000000,852000000,2736000000,20,6,75,-6248000000,226000000,0,1683000000,1983000000,6860000000,-1041000000
2014,WMB,12/31/2014,240000000,1229000000,3129000000,21,28,65,-5548000000,802000000,0,1890000000,2567000000,7637000000,-1041000000
2015,WMB,12/31/2015,100000000,1820000000,3926000000,3,8,56,-7960000000,675000000,0,1527000000,2497000000,7360000000,-1041000000
2013,WMT,1/31/2013,7781000000,8478000000,1.16E+11,6,4,22,72978000000,12719000000,0,59940000000,71818000000,4.69E+11,0
2014,WMT,1/31/2014,7281000000,8870000000,1.18E+11,6,3,24,76566000000,12082000000,0,61185000000,69345000000,4.76E+11,0
2015,WMT,1/31/2015,9135000000,9173000000,1.21E+11,6,3,28,85777000000,6670000000,0,63278000000,65253000000,4.86E+11,0
2016,WMT,1/31/2016,8705000000,9454000000,1.21E+11,5,3,24,90021000000,6004000000,0,60239000000,64619000000,4.82E+11,0
,WRK,9/30/2014,41400000,584500000,1933600000,9,5,103,1960900000,132600000,0,2432500000,1360500000,9895100000,0
2015,WRK,9/30/2015,215100000,740800000,2138300000,8,5,111,1661600000,63700000,0,4176000000,2178800000,11124800000,0
2016,WRK,9/30/2016,366400000,1146500000,2758600000,3,3,104,-105900000,292900000,0,3912600000,2183000000,14171800000,0
2012,WU,12/31/2012,1776500000,246100000,2470600000,23,18,59,754700000,4029200000,0,4891100000,8270400000,5664800000,0
2013,WU,12/31/2013,2073100000,262800000,2307000000,20,14,62,877300000,4213000000,0,5343500000,8658400000,5542000000,0
2014,WU,12/31/2014,1783200000,271900000,2309800000,20,15,59,968700000,3720400000,0,5096900000,8590000000,5607200000,0
2015,WU,12/31/2015,1315900000,270200000,2284300000,20,15,57,977300000,3225600000,0,4624600000,8054000000,5483700000,0
2012,WY,12/31/2012,898000000,456000000,996000000,10,6,117,219000000,409000000,0,2407000000,1605000000,5989000000,0
2013,WY,12/31/2013,830000000,472000000,1538000000,9,8,158,294000000,2000000,0,2326000000,1128000000,7254000000,0
2014,WY,12/31/2014,1580000000,500000000,1640000000,18,25,241,1508000000,0,0,2805000000,918000000,7403000000,0
2015,WY,12/31/2015,1012000000,479000000,1388000000,13,7,184,1349000000,0,0,2174000000,875000000,7082000000,0
2012,WYN,12/31/2012,195000000,185000000,2441000000,19,9,77,558000000,544000000,0,1866000000,1931000000,4534000000,-2601000000
2013,WYN,12/31/2013,194000000,216000000,2615000000,18,9,89,832000000,233000000,0,1940000000,1790000000,5009000000,-3191000000
2014,WYN,12/31/2014,183000000,233000000,2777000000,18,10,84,1183000000,261000000,0,1867000000,1859000000,5281000000,-3843000000
2015,WYN,12/31/2015,171000000,234000000,2836000000,18,11,80,1592000000,253000000,0,1869000000,1957000000,5536000000,-4493000000
2012,WYNN,12/31/2012,1725219000,397164000,1902709000,20,10,189,44775000,1050000,138887000,2202378000,1131377000,5154284000,-1127947000
2013,WYNN,12/31/2013,2435041000,392504000,2142114000,23,13,199,66130000,1050000,174399000,2968814000,1455534000,5620936000,-1143419000
2014,WYNN,12/31/2014,2182164000,350768000,2117350000,23,13,207,164487000,0,240140000,2782331000,1308318000,5433661000,-1145481000
2015,WYNN,12/31/2015,2080089000,342414000,1545509000,16,5,219,55332000,0,115297000,2505778000,1110171000,4075883000,-1152680000
2012,XEC,12/31/2012,69538000,513916000,1286035000,35,22,60,1533768000,0,0,470137000,645862000,1623938000,0
2013,XEC,12/31/2013,4531000,615874000,1591853000,45,28,59,2050034000,389000,0,469139000,683167000,1998051000,0
2014,XEC,12/31/2014,405862000,806021000,1851345000,34,21,108,2501574000,0,0,931804000,776327000,2424176000,0
2015,XEC,12/31/2015,779382000,778923000,932745000,258,166,250,33313000,0,0,1077930000,410067000,1452619000,0
2012,XEL,12/31/2012,82323000,1047001000,3418187000,18,9,71,2413816000,892637000,0,2625139000,2937073000,10128223000,0
2013,XEL,12/31/2013,107144000,1100710000,3506644000,17,9,72,2807983000,1063145000,0,3218040000,3654498000,10914922000,0
2014,XEL,12/31/2014,79608000,1151547000,3734783000,17,9,68,3220958000,1298858000,0,3364380000,4064583000,11686135000,0
2015,XEL,12/31/2015,84940000,1249338000,3990853000,18,9,57,3552728000,1532860000,0,2910445000,4058297000,11024486000,0
2012,XL,12/31/2012,2618378000,307902000,2067228000,10,9,,402318000,1551398000,322703000,0,0,7232397000,0
2013,XL,12/31/2013,1800832000,270106000,2434745000,15,14,,1264093000,1509243000,456288000,0,0,7541234000,0
2014,XL,12/31/2014,2521814000,221162000,2362793000,4,3,,1187639000,1245367000,256727000,0,0,6602267000,0
2015,XL,12/31/2015,3411228000,330770000,3109281000,10,13,,2077349000,1168376000,677720000,0,0,9308926000,0
2013,XLNX,3/30/2013,623558000,89440000,1431446000,27,22,542,1675722000,0,1091187000,2297639000,386788000,2168652000,0
2014,XLNX,3/29/2014,973677000,91591000,1639278000,31,26,286,1945471000,565001000,1483644000,3067147000,989360000,2382531000,0
2015,XLNX,3/28/2015,892572000,86936000,1668521000,32,27,385,1966278000,576053000,2410489000,3935051000,963206000,2377344000,0
2016,XLNX,4/2/2016,503816000,80489000,1541974000,30,25,395,1867066000,587106000,2833883000,3918933000,946086000,2213881000,0
2012,XOM,12/31/2012,9923000000,15888000000,1.49E+11,11,10,78,3.66E+11,3653000000,0,64460000000,64139000000,4.52E+11,-1.97E+11
2013,XOM,12/31/2013,4913000000,17182000000,1.36E+11,10,8,60,3.87E+11,15808000000,0,59308000000,71724000000,4.21E+11,-2.13E+11
2014,XOM,12/31/2014,4658000000,17297000000,1.27E+11,9,8,56,4.08E+11,17468000000,0,52910000000,64633000000,3.94E+11,-2.26E+11
2015,XOM,12/31/2015,3705000000,18048000000,93898000000,5,6,49,4.12E+11,18762000000,0,42623000000,53976000000,2.59E+11,-2.30E+11
2012,XRAY,12/31/2012,80132000,136244000,1556387000,13,11,76,2818461000,298963000,0,1111096000,927780000,2928429000,-713739000
2013,XRAY,12/31/2013,74954000,132900000,1577400000,14,11,89,3095721000,309862000,0,1143802000,796405000,2950800000,-748506000
2014,XRAY,12/31/2014,151600000,133700000,1599800000,15,11,126,3380700000,111800000,0,1207000000,652600000,2922600000,-841600000
2015,XRAY,12/31/2015,284600000,134200000,1517200000,14,9,180,3591000000,12100000,0,1196700000,476000000,2674300000,-898400000
2012,XRX,12/31/2012,1246000000,1301000000,6787000000,6,6,123,7991000000,1042000000,0,8273000000,5910000000,20421000000,-104000000
2013,XRX,12/31/2013,1764000000,1358000000,6485000000,6,6,132,8839000000,1117000000,0,8511000000,5686000000,20006000000,-252000000
2014,XRX,12/31/2014,1411000000,1426000000,6246000000,6,5,131,9535000000,1427000000,0,8874000000,6076000000,19540000000,-105000000
2015,XRX,12/31/2015,1368000000,1190000000,5263000000,2,3,109,9686000000,985000000,0,6685000000,5254000000,18045000000,0
2012,XYL,12/31/2012,504000000,142000000,1502000000,12,8,183,264000000,6000000,0,1874000000,781000000,3791000000,-13000000
2013,XYL,12/31/2013,533000000,150000000,1499000000,9,6,180,405000000,42000000,0,2009000000,853000000,3837000000,-86000000
2014,XYL,12/31/2014,663000000,142000000,1513000000,12,9,175,648000000,89000000,0,2064000000,903000000,3916000000,-220000000
2015,XYL,12/31/2015,680000000,133000000,1404000000,12,9,191,885000000,78000000,0,2005000000,823000000,3653000000,-399000000
2012,YHOO,12/31/2012,2667778000,654601000,3366000000,11,79,438,5792459000,0,1516175000,5652713000,1290232000,4986566000,-1368043000
2013,YHOO,12/31/2013,2077590000,670834000,3331000000,13,29,375,4267429000,0,1330304000,5025857000,1340312000,4680380000,-200228000
2014,YHOO,12/31/2014,2664098000,697284000,3230758000,3,163,209,8934244000,0,5327412000,9444421000,4514983000,4618133000,-712455000
2015,YHOO,12/31/2015,1631911000,719892000,2890553000,96,88,588,4570807000,0,4225112000,7507319000,1277380000,4968301000,-911533000
2012,YUM,12/29/2012,912000000,665000000,3781000000,17,12,71,2286000000,10000000,0,1925000000,2279000000,13633000000,0
2013,YUM,12/28/2013,669000000,721000000,3583000000,14,8,62,2102000000,71000000,0,1691000000,2265000000,13084000000,0
2014,YUM,12/27/2014,673000000,739000000,3597000000,12,8,52,1737000000,267000000,0,1553000000,2409000000,13279000000,0
2015,YUM,12/26/2015,840000000,747000000,3746000000,15,10,47,1150000000,923000000,0,1688000000,3088000000,13105000000,0
2012,ZBH,12/31/2012,884300000,363100000,3346500000,23,17,313,7085900000,100100000,671600000,3708700000,866000000,4471700000,-5072100000
2013,ZBH,12/31/2013,1080600000,358500000,3356700000,23,17,303,7712700000,0,727000000,4197700000,1031600000,4623400000,-5785700000
2014,ZBH,12/31/2014,1083300000,375800000,3430500000,22,15,305,8362100000,0,612500000,4313300000,1024000000,4673300000,-6183700000
2015,ZBH,12/31/2015,1459300000,712400000,4197200000,8,2,223,8347700000,0,164600000,5862900000,1617900000,5997800000,-6329100000
2012,ZION,12/31/2012,14472748000,185185000,0,0,14,,1203815000,325887000,0,0,0,2458592000,0
2013,ZION,12/31/2013,13957805000,130616000,0,0,12,,1473670000,340348000,0,0,0,2278812000,0
2014,ZION,12/31/2014,13968431000,128648000,0,0,17,,1769705000,244223000,0,0,0,2361631000,0
2015,ZION,12/31/2015,15763133000,151088000,0,0,14,,1966910000,346987000,0,0,0,2210591000,0
2013,ZTS,12/31/2013,610000000,209000000,2892000000,17,11,146,276000000,15000000,0,3357000000,1415000000,4561000000,0
2014,ZTS,12/31/2014,882000000,204000000,3068000000,20,12,200,709000000,7000000,0,3465000000,1086000000,4785000000,0
2015,ZTS,12/31/2015,1154000000,199000000,3027000000,16,7,133,876000000,405000000,0,3830000000,1781000000,4765000000,-203000000
,ZTS,12/31/2016,727000000,240000000,3222000000,28,17,169,1477000000,0,0,3390000000,1117000000,4888000000,-421000000
